1677 3059
506 176 570 223 ‘-
682 198 779 232 xm
891 216 954 224 —

67 326 279 391 posuisti,
332 324 556 375 docemur.
644 325 695 371 In
731 343 819 390 quo
856 324 1020 392 Ibycus
1056 326 1139 374 hoc
1175 327 1280 373 mihi
1321 329 1385 373 di-

72 430 170 460 cere
198 411 455 460 videbatur:
493 411 598 458 dum
629 429 729 458 vere
764 410 975 459 redeunte
1007 413 1125 459 caelo
1156 413 1386 460 mitissimo

68 499 217 546 omnia
244 498 477 546 laetissime
500 497 799 557 efflorescant,
835 498 922 545 sibi
955 499 1065 546 nihil
1088 499 1247 564 quietis
1282 518 1385 546 con-

71 585 168 635 cedi
203 585 260 633 ab
295 588 484 642 Amore,
521 583 601 632 sed
637 584 857 649 aquilonis
894 586 1032 632 instar
1066 587 1228 634 furenti
1263 586 1386 633 rabie

67 692 167 721 eum
197 691 222 720 a
248 689 487 738 puerorum
514 669 619 717 inde
647 671 827 733 regione
861 673 1109 735 (παιδόθεν
1130 672 1276 720 fictum
1302 693 1385 739 pu-

66 759 214 807 tabam
249 757 304 805 ab
341 756 591 820 analogiam
623 776 660 804 v.
697 763 918 820 ssope‘nfflv
953 770 994 805 et
1033 758 1262 823 similium)
1311 780 1384 808 oc-

67 856 314 894 cursantem
349 855 502 910 pectus
538 862 665 891 suum
700 855 945 892 concutere.
1027 843 1249 907 Quocirca
1286 859 1383 894 ante

64 933 180 979 ὥστε
228 949 362 997 quam
405 929 595 996 posuisti
642 937 819 978 τελείαν
861 933 1088 995 στιγμὴν,
1144 933 1237 979 eius
1287 933 1382 979 loco

63 1023 207 1076 μέσην
238 1016 519 1084 ponendam,
557 1027 598 1064 et
630 1018 779 1064 omnia
813 1036 902 1064 uno
935 1028 1086 1065 tenore
1122 1018 1383 1066 deducenda

65 1122 249 1162 censeo,
285 1114 335 1151 ut
367 1103 557 1169 impetus
589 1104 781 1168 pectoris
818 1115 1083 1168 exaequetur
1107 1104 1382 1170 aliquatenus

64 1189 233 1236 ambitu
259 1189 470 1237 orationis
507 1189 636 1237 etiam
663 1188 777 1236 ultra
802 1190 1010 1255 strophae
1042 1191 1251 1238 terminos
1277 1211 1381 1257 pro-

64 1275 303 1340 grediente.

190 1362 242 1408 In
276 1362 529 1409 universum
564 1363 603 1409 si
636 1380 898 1427 persuasum
934 1361 1077 1409 habeo
1113 1382 1275 1427 magno
1312 1364 1374 1409 in-

62 1447 240 1496 tervallo
273 1447 458 1515 Ibycum
482 1449 538 1496 ab
573 1449 869 1497 Aeolensibus
894 1450 1036 1514 poetis
1071 1449 1295 1497 distineri:
1333 1450 1378 1496 in

61 1533 283 1581 nonnullis
321 1545 466 1583 tamen
510 1555 600 1583 non
634 1536 884 1599 negaverim
927 1535 1084 1582 horum
1133 1537 1376 1601 exemplum

61 1631 273 1669 sectatum
310 1639 405 1669 esse
446 1623 701 1687 Rheginum
735 1628 922 1689 po'e'tam.
1004 1623 1149 1684 Quem
1194 1623 1239 1669 in
1277 1642 1377 1670 cen-

61 1725 160 1756 sum
193 1710 476 1758 referendum
511 1721 576 1757 est
606 1709 742 1758 illud:
776 1710 903 1773 Ἔρος
936 1702 1049 1756 αὖτέ
1078 1729 1134 1766 με
1171 1716 1376 1757 κυανέοι-

60 1813 133 1843 σιν
164 1798 256 1846 ύπό
293 1800 562 1862 βλεφάροις,
611 1798 754 1863 primo
790 1815 919 1844 versu
955 1797 1110 1859 fragm.
1137 1797 1216 1844 II.:
1255 1796 1375 1860 quod

60 1900 112 1929 ex
151 1902 256 1932 voce
297 1878 410 1933 αὖτε
453 1884 711 1948 intelligitur
743 1884 918 1931 initium
962 1883 1100 1930 fuisse
1153 1882 1372 1930 carminis.

56 1970 114 2017 Et
147 1970 287 2019 simile
318 1983 411 2020 erat
443 1971 719 2038 prooemium
753 1971 992 2018 multorum
1029 1971 1272 2018 carminum
1307 1969 1374 2036 ly-

58 2042 274 2118 ricorum,
309 2071 358 2107 ut
392 2058 604 2125 Sapphici
636 2058 775 2106 illius:
806 2059 933 2122 Ἔρος
966 2065 1006 2106 δ”
1025 2051 1138 2105 αὖτε
1170 2062 1218 2113 μ’
1243 2060 1269 2103 ὁ
1293 2064 1374 2102 λυ-

60 2147 241 2202 σιμελὴς
273 2151 421 2212 δονεῖ,
478 2157 521 2194 et
550 2145 868 2194 Anacreontei:
928 2150 1110 2207 Σφαίρῃ
1150 2146 1289 2200 δηῦτέ
1317 2161 1374 2199 με

57 2236 293 2292 πορφυρέῃ
325 2235 509 2297 βάλλων
543 2234 838 2294 χρυσοκόμης
859 2232 1026 2295 Ἔρως,
1075 2243 1115 2278 et
1151 2230 1199 2277 id
1230 2247 1371 2292 genus

58 2315 217 2373 multa,
266 2317 313 2364 in
351 2319 512 2383 quibus
549 2322 716 2383 δηῦτε,
768 2329 1038 2366 contractum
1074 2318 1184 2365 illud
1220 2334 1271 2363 ex
1311 2319 1370 2375 δὴ

58 2394 198 2466 αὖτε,
235 2421 366 2469 saepe
399 2405 445 2451 in
480 2409 608 2453 δεῦτε
641 2417 922 2471 corruptum,
960 2404 1041 2452 sed
1073 2421 1217 2468 nuper
1253 2414 1369 2450 recte

57 2489 323 2536 vindicatum
355 2502 420 2538 est
454 2494 512 2556 (v.
544 2493 583 2538 J.
614 2494 668 2540 A.
698 2494 962 2556 Hartung
993 2491 1048 2537 de
1080 2489 1305 2555 particulis
1336 2491 1366 2537 l.

56 2593 99 2639 p.
135 2577 292 2639 323.):
346 2577 402 2624 ad
435 2577 557 2641 quod
588 2577 852 2626 firmandum
888 2579 1016 2625 etiam
1062 2588 1212 2624 noster
1246 2576 1368 2624 locus

1060 2663 1090 2709 b
