1677 3059
545 229 610 237 —
718 200 809 246 123
919 230 979 238 —-

109 343 289 390 stantiae
325 352 365 389 et
396 338 736 406 pulchritudinis
762 348 802 384 et
828 336 1078 403 splendoris
1100 340 1323 387 notionem
1345 359 1414 389 re-

107 423 298 480 tinuerit,
333 434 382 470 ut
405 440 472 487 ap.
496 421 669 467 Homer.
710 422 854 466 κλυτά
878 421 1061 484 τεύχεα,
1096 423 1244 485 δῶρα,
1279 425 1413 488 ἔργα,

106 523 142 550 v.
179 505 339 551 Buttm.
370 501 502 550 Lexil.
537 502 570 559 I,
602 520 644 567 p.
677 503 737 549 93
765 519 829 565 sq,
896 501 1050 565 Neque
1084 512 1148 547 est
1182 520 1261 549 cur
1294 503 1415 569 apud

104 584 292 652 Ibycum
326 584 453 631 aliam
487 582 605 629 vocis
637 592 894 648 potestatem
916 580 1160 629 obtinuisse
1196 594 1412 649 putemus.

106 667 307 714 Ceterum
329 663 492 712 Fiorill.
520 663 638 710 obss.
674 663 721 710 in
755 661 913 710 Athen.
949 680 990 726 p.
1020 665 1093 709 73.
1118 675 1219 728 post
1241 663 1415 726 ὄρθρον

104 747 161 792 ad
195 764 368 793 versum
402 744 623 791 labantem
657 743 820 791 scilicet
854 741 1140 789 reficiendum
1174 763 1250 791 κεν
1288 745 1415 793 addi-

103 825 189 884 dit,
227 844 315 891 quo
345 824 579 889 ignorabat
613 835 654 871 et
684 822 874 890 perverti
896 840 1075 870 sensum
1112 835 1153 870 et
1188 823 1306 888 leges
1330 826 1414 873 lin-

101 923 214 970 guae
244 905 440 953 Graecae
475 905 642 952 violari.

570 1053 802 1114 Fragm.
868 1051 943 1098 IX.

220 1148 367 1213 Etym.
406 1148 523 1196 Gud.
560 1167 602 1214 p.
638 1148 714 1204 98,
745 1147 818 1193 31.

192 1229 445 1291 Ἄτερπνος·
497 1231 646 1281 οὕτως
678 1232 707 1276 0‘
742 1228 975 1290 ἄγρυπνος
1008 1230 1140 1291 παρὰ
1175 1231 1416 1294 Ῥηγίνοις,

100 1314 161 1362 ὣς
193 1313 274 1358 καί
316 1316 427 1374 παρ’
451 1312 647 1375 Ἰβύκῳ
681 1312 763 1357 καί
794 1311 1087 1373 Στησιχόρῳ·
1124 1313 1211 1357 οὐκ
1242 1312 1339 1356 ἐστι’
1370 1315 1419 1357 δέ

99 1394 130 1451 ἡ
161 1393 292 1451 φωνὴ
329 1392 452 1439 κατὰ
485 1395 693 1452 στέρησιν
727 1391 812 1436 τοῦ
841 1392 1056 1455 τερπνοῦ,
1102 1393 1161 1441 (ὃς
1193 1394 1222 1439 0‘
1244 1390 1419 1443 ἄκακος

101 1476 183 1520 καί
223 1475 249 1520 ό
286 1471 448 1532 ἄφιλος
489 1475 571 1518 καί
609 1473 634 1518 ὁ
673 1471 870 1520 ἄσθενος
916 1474 1018 1535 (scr.
1053 1473 1304 1534 οἷσθενής)·
1354 1477 1428 1520 δεῖ

99 1544 184 1601 οὖν
216 1556 457 1603 ἀποδεῖξαι
489 1554 542 1599 τὸ
571 1552 856 1612 ἀφελόμενον
888 1554 927 1597 ὖ.
963 1556 1059 1599 ἔστι
1087 1554 1177 1614 γάρ
1211 1559 1314 1599 κατ’
1349 1558 1419 1601 ἐν-

100 1639 274 1682 τέλειαν
308 1637 560 1694 ἀτέρυπνος
573 1667 591 1696 ‚
624 1634 648 1679 ὁ
674 1634 810 1693 χωρίς
833 1633 898 1678 ὧν
918 1632 1078 1678 ὕπνου.
1137 1633 1303 1681 Eadem
1326 1635 1419 1684 fere

102 1713 278 1762 omissis
313 1712 574 1760 testimoniis
606 1723 837 1778 poetarum
872 1712 1015 1780 Etym.
1052 1714 1114 1760 M.
1150 1733 1192 1779 p.
1232 1715 1339 1774 163,
1372 1717 1416 1765 8.

100 1797 170 1843 De
205 1792 489 1850 Stesichoro,
541 1792 666 1857 cujus
705 1791 788 1838 hoc
832 1791 961 1855 srgm.
1010 1794 1156 1841 omisit
1201 1795 1417 1856 Kleinius‚

103 1874 213 1940 quid
235 1873 532 1938 judicaremus
558 1873 835 1938 explanatum
859 1874 904 1919 iu
929 1872 1132 1937 Prolegg.
1156 1895 1198 1941 p.
1232 1878 1307 1924 41,
1340 1890 1417 1926 est.

101 1955 224 2002 Licet
259 1966 403 2002 autem
438 1954 546 2017 ἄτερ
582 1954 687 2001 alias
722 1972 813 2000 non
847 1953 1054 2001 inserviat
1089 1957 1419 2021 compositioni-

104 2034 213 2092 bus,
250 2046 395 2082 tamen
432 2035 523 2082 noli
558 2034 761 2082 dubitare
793 2034 848 2082 de
881 2034 968 2082 fide
1005 2036 1418 2099 Grammaticorum,

105 2125 154 2162 ut
188 2114 292 2161 fecit
325 2114 532 2181 Stephan.
570 2114 700 2161 Thes.
737 2117 866 2179 Ling.
907 2116 982 2162 Gr.
1018 2136 1061 2182 p.
1100 2117 1238 2164 9294.
1274 2119 1415 2167 Lond.

106 2194 362 2256 »ἄτερπνος
408 2195 534 2260 quasi
582 2201 863 2263 οέτέρυπνος,
925 2198 962 2244 si
1009 2216 1100 2244 non
1147 2198 1419 2248 mentiuntur

106 2286 203 2322 vett.
239 2275 423 2322 lexica.«
489 2279 542 2323 V.
577 2275 781 2341 Prolegg.
816 2297 858 2344 p.
896 2281 970 2326 70.
1038 2278 1238 2345 Reposui
1272 2292 1416 2328 autem

114 2355 244 2420 frgm.
280 2355 321 2402 h.
360 2355 412 2413 l.‚
447 2356 550 2420 quia
582 2356 677 2404 fieri
709 2371 866 2424 potest,
899 2370 948 2405 ut
974 2363 1224 2420 ἀτέρπνους
1257 2361 1416 2408 lectum

106 2437 155 2484 in
178 2435 306 2500 frgm.
328 2437 442 2486 VHI.
475 2435 644 2485 librarii
668 2439 941 2489 obliterarint
967 2439 1324 2506 interpretatione
1346 2441 1415 2489 in-

107 2518 331 2584 terposita.
