1677 3059
674 228 737 238 -.
862 198 926 245 60
1049 224 1112 232 ...-

238 355 382 394 autem
415 339 550 390 multa
584 339 864 404 singulariter
896 346 1141 394 narrasset,
1194 335 1352 401 cupide
1388 355 1439 385 ea
1470 354 1542 383 ve-

236 426 327 475 nati
368 434 470 472 sunt
514 422 545 468 ii
586 431 765 485 poetae,
822 420 898 485 qui
941 436 1040 466 rara
1076 427 1117 463 et
1158 415 1302 462 minus
1345 415 1542 479 vulgaria

234 506 434 571 undique
468 501 738 566 constipasse
764 501 810 547 in
843 500 1029 547 maxima
1061 496 1276 544 felicitatis
1308 508 1430 562 parte
1459 515 1542 562 po-

234 595 412 640 nerent,
455 580 792 649 Lycophrouem
828 579 952 637 dico,
997 579 1170 642 frgmm.
1207 577 1337 635 XIV,
1370 578 1539 633 XVIII;

232 664 564 731 Euphorionem
602 674 642 709 et
676 659 976 709 Alexandrum
1008 658 1213 706 Aetolum
1248 657 1376 722 frgm.
1413 660 1539 714 XIV;

232 745 518 813 Apollonium
552 742 803 799 Rhodium,
838 740 966 804 frgm.
999 743 1053 799 V,
1088 740 1257 797 XVIII,
1294 739 1370 787 cfr.
1399 737 1541 786 Wei-

233 828 365 876 chert.
403 825 457 872 de
488 824 560 870 vit.
596 833 636 869 et
671 840 775 868 serr.
808 821 892 886 Ap.
930 821 1076 868 Rhod.
1110 840 1153 887 p.
1189 824 1297 868 222.
1388 820 1540 883 anue

230 926 301 956 res
337 907 386 954 in
419 921 573 952 caussa
605 902 777 949 videtur
809 901 969 960 fuisse,
1012 919 1092 949 cur
1130 899 1540 967 scriptores-histo-

229 989 395 1036 riarum
416 983 733 1053 mythicarum,
770 984 1055 1031 adhaerentes
1078 981 1139 1028 illi
1162 981 1415 1048 mythorum
1437 998 1540 1028 nar-

229 1067 390 1118 rationi
435 1068 497 1125 ei,
561 1063 702 1130 qualis
753 1064 974 1111 communi
1023 1063 1309 1128 persuasione
1352 1062 1541 1128 probata

231 1161 347 1206 erat,
394 1165 536 1215 pauca
568 1157 723 1211 poetae
767 1143 960 1208 Rhegini
990 1144 1036 1190 in
1070 1162 1162 1190 rem
1201 1160 1324 1189 suam
1359 1161 1539 1191 conver-

228 1243 319 1280 tere
352 1227 586 1294 potuerint.
663 1227 817 1291 Neque
850 1236 1014 1271 certum
1049 1235 1136 1280 est,
1190 1242 1297 1270 num
1331 1225 1536 1274 Timaeus

228 1330 309 1361 sua
342 1329 394 1358 ex
419 1307 557 1375 Ibyco
593 1306 789 1354 hauserit
818 1306 862 1352 in
898 1306 1026 1369 frgm.
1063 1304 1224 1351 XXXI.
1264 1335 1325 1342 --

336 1388 595 1440 Artificibus
618 1387 760 1434 rarius
786 1385 1004 1451 exemplar
1023 1385 1194 1433 videtur
1216 1384 1367 1443 fuisse,
1405 1403 1537 1451 quam

227 1472 528 1527 Stesichorus;
564 1469 795 1532 vestigium
829 1466 956 1529 frgm.
988 1466 1104 1512 XVI.
1170 1465 1238 1511 De
1266 1465 1534 1524 Stesichoro,

227 1557 353 1621 cujus
386 1551 621 1609 Hercules,
671 1548 845 1615 qualem
880 1558 1161 1594 monumenta
1196 1547 1299 1593 artis
1332 1548 1534 1594 vetustis-

226 1636 337 1684 sima
377 1635 466 1700 jam
512 1629 803 1686 exhibebant,
859 1640 1012 1695 postea
1051 1628 1180 1691 vulgo
1216 1639 1419 1693 receptus
1454 1639 1534 1687 est,

225 1714 442 1782 quaedam
477 1711 744 1760 enumeravit
777 1711 944 1758 Neuius
980 1728 1094 1757 cens.
1129 1709 1237 1756 Stes.
1276 1708 1416 1756 Klein.
1447 1708 1472 1756 l.
1497 1729 1530 1756 c.

222 1798 352 1845 Nunc
373 1794 537 1843 addere
569 1792 668 1839 licet
692 1810 853 1839 novum
875 1790 1129 1856 exemplum.
1199 1791 1395 1838 Actaeon
1417 1791 1532 1838 enim

223 1897 251 1926 a
282 1877 427 1925 Diana
459 1893 510 1923 ex
545 1884 688 1921 mente
723 1872 962 1920 Stesichori
995 1872 1106 1938 pelle
1142 1872 1313 1919 cervina
1347 1871 1532 1919 circum-

225 1960 369 2016 datus,
400 1969 450 2005 ut
469 1956 691 2004 morsibus
713 1972 871 2002 eanum
893 1949 1216 2009 dilaceraretur,
1240 1971 1276 1997 v.
1301 1953 1429 1999 Paus.
1453 1953 1530 2011 IX,

222 2043 270 2098 2,
303 2046 362 2096 3,,
398 2036 539 2085 Klein.
573 2038 701 2101 frgm.
729 2036 879 2093 XVII,
916 2033 1069 2081 eodem
1107 2032 1256 2080 habitu
1290 2050 1433 2097 nuper
1461 2051 1530 2080 re-

221 2130 374 2186 pertus
395 2129 460 2165 est
480 2118 722 2176 Selinunte,
758 2126 1061 2163 ornamentum
1085 2113 1249 2180 templi,
1284 2132 1320 2160 v.
1345 2114 1528 2161 Schorn.

223 2199 412 2247 schedae
449 2211 544 2247 artt.
582 2201 731 2258 1832,
767 2215 832 2244 nr.
869 2196 944 2243 34.

353 2280 630 2328 Stesichorus
666 2293 794 2345 atque
829 2277 993 2341 Ibycus
1024 2294 1159 2340 quum
1193 2293 1241 2321 ea
1274 2286 1528 2337 argumenta

222 2372 501 2419 tractassent,
557 2363 603 2409 in
640 2361 802 2427 quibus
839 2358 900 2406 illi
935 2368 1087 2423 poetae
1123 2356 1260 2421 epici,
1319 2355 1394 2419 qui
1429 2365 1529 2420 post

223 2443 463 2488 Homerum
496 2441 760 2500 floruerunt,
798 2441 982 2488 maxime
1016 2438 1174 2485 versati
1206 2448 1350 2494 erant,
1395 2434 1528 2482 multa

224 2540 298 2570 eos
335 2522 389 2569 ab
426 2522 494 2570 his
528 2523 669 2589 poetis
704 2523 975 2588 suscepisse,
1020 2520 1067 2566 in
1101 2528 1258 2564 natura
1290 2516 1429 2583 ipsius
1464 2517 1528 2564 rei

221 2604 414 2670 positum
464 2615 539 2652 est.
623 2602 828 2668 Quorum
873 2620 976 2668 pars
1023 2618 1159 2667 quum
1202 2595 1271 2646 res
1318 2615 1406 2644 non
1441 2608 1530 2644 tam
