1677 3059
382 717 667 767 Addenda
709 729 760 766 et
807 717 1183 784 Corrigenda.

130 877 195 918 Ad
221 893 258 932 p.
286 879 323 918 4.
350 879 489 930 Ἰβυκὸς
514 888 554 920 et
581 879 645 919 alii
673 879 871 930 scribunt,
902 888 947 919 ut
974 879 1175 934 Aristoph.
1204 881 1373 922 Kusteri.

130 970 186 980 --
207 961 245 1001 p.
271 947 403 998 5,,1ἰη.
432 955 468 989 2.
498 949 678 989 Scribere
705 950 886 989 debebam
909 950 1120 998 Callierga,
1148 958 1193 989 ut
1214 951 1327 990 docet
1347 951 1435 990 Rit-

349 1017 465 1058 schel.
495 1018 674 1073 Prolegg.
703 1020 744 1057 in
772 1020 910 1058 Thom.
940 1020 1039 1074 Mag.
1064 1036 1100 1073 p.
1120 1021 1260 1070 XVIII,
1287 1028 1369 1059 not.

138 1111 193 1118 -—
219 1101 256 1140 p.
282 1090 323 1137 5,
354 1087 377 1126 Ι.
409 1092 443 1126 7.
475 1096 567 1140 post
591 1091 758 1139 γεράνους
787 1089 927 1128 excidit
952 1093 1032 1137 ἔφη.

139 1179 190 1186 -
217 1170 255 1209 p.
283 1160 321 1207 7,
352 1160 386 1194 7.
417 1157 499 1195 Ser.
527 1146 757 1211 [syri-badii.
824 1158 900 1196 Sed
941 1157 1104 1196 forsitan
1133 1171 1219 1196 curn
1255 1157 1434 1212 Meuagio

347 1226 465 1265 satius
498 1235 557 1266 est
584 1228 712 1281 legere
738 1228 774 1275 ἢ,
804 1226 864 1267 vel
895 1228 999 1280 quod
1030 1228 1111 1280 ipse
1130 1240 1324 1280 propono,
1353 1231 1432 1266 τοῦι

343 1300 483 1335 Καΐκοῦ
506 1300 568 1336 τοῦ
595 1298 789 1348 Ὑρραδίου.
867 1298 924 1335 Ut
954 1297 991 1336 id
1018 1298 1144 1335 miuus
1172 1304 1301 1349 aptum
1328 1297 1434 1348 posi-

344 1371 428 1402 tum
457 1365 672 1418 exemplum
706 1367 766 1405 sit.

137 1457 190 1466 —
218 1448 255 1486 p.
287 1435 352 1482 15,
381 1436 416 1472 9.
450 1435 610 1472 chmel.
642 1435 680 1473 in
708 1436 927 1473 Emer-citat.
951 1436 1121 1474 chronol.
1144 1435 1190 1473 do
1210 1442 1341 1473 aetate
1361 1437 1434 1474 So-

344 1503 418 1541 lon.
438 1509 474 1540 et
504 1503 646 1541 Croesi.
673 1505 849 1543 Francos.
882 1509 997 1552 1832,
1026 1507 1063 1542 4.
1091 1519 1127 1556 p.
1153 1507 1214 1543 11.
1245 1503 1434 1543 Croesum

343 1578 453 1625 putat
480 1571 554 1623 jam
585 1572 646 1610 Ol.
674 1574 772 1622 LllI,
802 1578 839 1612 2.
867 1572 1097 1611 successisse
1126 1572 1285 1627 Alyatti.
1353 1575 1435 1623 Qui

347 1639 454 1692 quod
489 1640 677 1680 rationem
714 1656 820 1680 suam
850 1641 1070 1680 confirmari
1106 1650 1236 1680 censet
1271 1644 1433 1682 articulo

342 1708 483 1748 Suidae
510 1725 546 1749 v.
571 1710 724 1760 Ἴβυκος,
752 1725 832 1749 non
860 1710 950 1749 satis
983 1709 1187 1762 diligenter
1209 1710 1337 1750 locum
1367 1727 1433 1751 ex-

342 1778 533 1817 aminavit.
596 1779 732 1833 Neque
766 1781 858 1820 dicit
885 1779 1013 1827 Suid.,
1045 1778 1149 1830 quod
1180 1779 1302 1819 refert
1327 1783 1434 1821 Voe-

342 1847 460 1897 mel,
493 1848 556 1888 Ol.
585 1849 685 1900 LIV,
712 1854 745 1889 1.
803 1851 957 1889 Samum
989 1848 1112 1887 adisse
1140 1847 1310 1902 Ibycum.

138 1939 189 1948 -—
217 1931 254 1970 p.
281 1919 346 1957 21.
375 1917 537 1972 Grysar.
567 1919 613 1957 de
641 1933 738 1958 com.
767 1918 885 1957 Dorr.
918 1920 944 1957 l.
970 1931 1006 1969 p.
1039 1919 1127 1955 183.
1154 1916 1345 1959 incertum
1374 1920 1433 1959 di-

343 1987 397 2027 cit
419 2001 518 2037 esse,
539 1987 679 2043 Ibycus
693 1987 894 2041 Rheginus
912 1987 1169 2026 Zanclaeusne
1187 1987 1318 2039 fuerit,
1339 2003 1434 2042 pro-

341 2069 484 2096 vocans
510 2056 556 2095 ad
583 2057 882 2096 Groddeckium.
935 2056 1113 2095 Alterum
1140 2057 1407 2097 certissimum.

138 2144 191 2155 -—
217 2136 255 2176 p.
281 2124 346 2162 24.
374 2124 433 2165 Ne
463 2126 548 2179 quis
578 2127 764 2166 omissum
791 2133 976 2178 queratur
1002 2126 1154 2166 accedat
1183 2125 1332 2165 Auson.
1353 2127 1432 2167 Te-

342 2192 481 2247 chnop.
508 2210 545 2248 p.
573 2197 664 2235 484.
693 2194 794 2234 Toll.

399 2262 539 2318 Ibycus
565 2271 611 2302 ut
639 2264 776 2317 periit,
805 2263 945 2303 vindex
972 2261 1046 2301 fuit
1073 2261 1273 2304 altivolans
1298 2280 1403 2320 grus.

134 2351 189 2361 ·--
214 2347 254 2386 p.
281 2333 348 2383 47,
377 2335 412 2370 3.
441 2331 513 2385 leg.
531 2332 775 2384 judicabunt.

140 2424 200 2430 --
218 2416 257 2454 Ρ.
286 2406 350 2440 57.
375 2400 448 2454 leg.
469 2401 658 2439 traditum
679 2416 752 2454 pro
781 2401 942 2440 tradita.

138 2491 192 2499 —
217 2484 254 2523 p.
284 2471 348 2510 74.
376 2468 508 2507 Tacite
537 2469 688 2508 correxi
715 2484 772 2523 ap.
793 2470 956 2508 Atilium
976 2468 1240 2508 Arche'buleus
1258 2486 1332 2524 pro
1351 2474 1432 2513 Ar.

344 2538 546 2585 chebulus,
580 2538 647 2591 qui
675 2552 787 2578 error
816 2554 872 2593 ap.
903 2538 1129 2577 Putschium
1156 2540 1305 2592 saepius
1337 2557 1431 2583 con-

343 2607 499 2660 spicuus
519 2615 587 2647 est.
645 2606 726 2649 Cfr.
748 2609 842 2648 Mar.
867 2608 1017 2648 Victor.
1046 2623 1082 2661 p.
1103 2611 1220 2648 2582.
1248 2611 1289 2650 P.
1330 2614 1433 2654 „Hic
