1677 3059
701 199 1143 249 —158—

267 345 361 392 alia.
407 346 651 408 Utramque
677 341 876 388 virtutem
902 339 1021 406 apud
1043 350 1208 387 veteres
1232 341 1446 389 artissime
1472 360 1574 389 con-

265 426 459 490 junctam
493 423 632 470 fuisse
660 421 727 469 vel
759 424 989 470 Ποσειδῶν
1020 422 1172 471 ἵππιος
1205 431 1460 483 argumento
1497 433 1571 469 est.

266 506 443 570 Quodsi
475 504 613 567 igitur
646 503 701 550 ab
746 503 871 550 initio
907 503 1160 567 Neptunum
1193 502 1331 548 fuisse
1376 501 1574 548 credide-

264 588 428 644 rimus,
463 602 554 632 non
588 584 740 643 valde,
778 583 964 649 opinor,
1001 582 1320 629 aberrabimus.
1387 582 1462 630 Ad
1495 601 1573 629 na-

264 667 505 730 vigationes
553 677 594 713 et
635 664 942 712 commercium
979 650 1197 711 marinuin
1229 673 1425 727 spectare
1454 661 1575 708 vide-

264 758 337 793 tur
371 765 482 794 uxor
509 748 775 810 Αἰγιάλεια,
815 764 1003 811 quacum
1037 743 1197 790 Thesei
1231 753 1400 808 patrem
1435 747 1577 803 Αἰγέα

264 846 518 893 compares,
568 827 834 873 consociatio
883 844 982 873 cum
1027 824 1289 882 Dioscuris,
1338 823 1572 871 salutiferis

262 927 382 955 mare
424 907 719 964 tentantibus,
774 906 943 953 insulae
977 904 1270 962 Diomedeae,
1321 904 1368 950 iu
1409 905 1572 969 quibus

265 1008 378 1054 quae
415 1007 514 1035 aves
558 986 761 1038 vivebant
796 985 1020 1050 aquaticae
1056 997 1201 1043 erant,
1252 986 1330 1034 cfr.
1366 984 1573 1032 Koehleri

263 1069 555 1134 amplissimos
607 1065 941 1114 commentarios
984 1083 1028 1130 p.
1074 1066 1163 1113 171
1201 1083 1322 1130 sqq.;
1383 1065 1431 1111 in
1474 1066 1573 1112 sinu

259 1149 486 1195 Adriatico
523 1146 734 1212 templum
764 1145 992 1192 Diomedis
1022 1150 1182 1203 λιμένα
1214 1149 1304 1199 ἔχει
1338 1148 1418 1193 καί
1441 1145 1577 1197 ἄλσος

259 1235 473 1291 εὐπρεπὲς
505 1232 588 1276 καί
619 1229 772 1288 πηγὰς
807 1229 838 1280 ζ’
871 1233 1104 1284 ποταμίου
1144 1227 1313 1277 ὕδατος
1343 1228 1486 1277 εὐθὺς
1519 1230 1576 1276 εἰς

259 1312 346 1365 τὴν
395 1312 646 1356 θάλατταν
683 1313 981 1358 ἐκπίπτοντος
1014 1315 1184 1354 πλατεῖ
1210 1310 1291 1353 καί
1322 1314 1466 1370 βαθεῖ
1490 1327 1574 1355 πο-

259 1393 425 1453 ταμῷ,
463 1390 606 1436 Strab.
643 1392 698 1447 V,
733 1408 775 1454 p.
802 1391 909 1439 334.
943 1388 1065 1446 Cas,
1101 1390 1148 1435 in
1180 1388 1327 1435 Italiae
1361 1399 1452 1435 toto
1483 1388 1575 1436 fere

259 1470 385 1517 litore
432 1470 632 1516 orientali
673 1470 855 1517 summis
904 1470 1179 1517 afficiebatur
1212 1469 1484 1527 honoribus,
1535 1489 1572 1516 v.

259 1551 458 1598 Mueller.
494 1552 689 1598 Etruscc.
716 1552 750 1608 I,
780 1570 823 1616 p.
850 1551 984 1609 142,
1019 1549 1223 1597 Koehler⁴
1253 1549 1279 1595 l.
1311 1568 1346 1596 c.
1412 1549 1487 1595 Ad
1512 1549 1574 1595 al-

259 1644 394 1679 teram
441 1631 641 1678 virtutem
675 1642 840 1697 spectat
872 1631 1130 1698 Argyrippa
1165 1629 1219 1676 ab
1264 1629 1363 1694 ipso
1400 1630 1574 1676 condita

261 1724 303 1760 et
337 1731 361 1759 a
395 1712 537 1777 patrio
566 1712 707 1773 Ἄργει
739 1717 882 1775 ἱππίῳ
928 1711 1231 1768 denominata,
1288 1710 1367 1756 ubi
1411 1710 1574 1757 cultum

258 1794 404 1859 ipsum
439 1792 562 1838 numi
598 1802 814 1854 arguunt,
849 1811 885 1839 v.
922 1791 1135 1839 Niebuhr.
1171 1791 1270 1837 hist.
1304 1791 1433 1841 Rom,
1459 1792 1493 1849 I,
1528 1810 1571 1857 p.

260 1875 381 1931 169,
414 1884 639 1938 praeterea
673 1890 811 1919 nexus
848 1890 948 1919 cum
977 1871 1224 1928 Dioscuris,
1259 1889 1447 1935 quorum
1482 1891 1571 1919 non

259 1953 366 2000 alter
400 1953 541 2000 solum
579 1952 703 2017 equis
736 1970 945 2017 superare
978 1951 1165 2010 nobilis,
1200 1971 1237 1997 v.
1262 1950 1415 2015 hymn.
1442 1952 1569 1998 Hom.

257 2036 404 2092 XVII,
463 2036 504 2080 5.
568 2038 847 2094 Τυνδαρίδαι
878 2037 1056 2086 ταχέων
1101 2034 1358 2095 ἐπιβήτορες
1399 2033 1570 2095 ἱὲτπων,

256 2115 452 2162 Alcman.
488 2114 618 2177 frgm,
655 2114 800 2176 II.44)
897 2111 1023 2174 Quae
1057 2113 1155 2178 ipsa
1198 2132 1297 2160 cum
1339 2111 1569 2158 Dioscuris

257 2194 458 2257 cognatio
496 2213 646 2241 ansam
690 2192 862 2239 videtur
907 2192 1083 2241 dedisse
1130 2206 1308 2259 poetae,
1356 2203 1404 2238 ut
1439 2192 1570 2238 ducta

256 2273 520 2330 Hermiona,
557 2273 722 2320 sororis
759 2291 910 2320 eorum
944 2272 1057 2332 filia,
1093 2275 1356 2322 Diomedem
1388 2292 1487 2320 cum
1513 2272 1567 2319 iis

307 2464 376 2512 44)
406 2465 589 2502 Alcmanis
625 2468 731 2502 verba
773 2474 806 2502 ct
845 2467 887 2501 ab
922 2467 996 2501 aliis
1029 2474 1063 2502 et
1102 2467 1145 2501 ab
1176 2467 1309 2501 Herod.
1349 2472 1425 2515 περὶ
1456 2480 1564 2512 σχημ.

383 2545 417 2577 p.
449 2532 509 2567 96.
549 2534 634 2567 Yill,
664 2541 798 2568 servata
831 2546 870 2567 ex
899 2533 1050 2580 vestigiis
1080 2532 1182 2566 duor.
1215 2532 1319 2567 codd.
1348 2532 1479 2566 Pariss.
1508 2544 1564 2578 ap.

385 2595 494 2631 Bekk.
524 2598 592 2633 An.
622 2612 656 2645 p.
687 2598 801 2635 1452.
830 2598 877 2632 ita
908 2598 1097 2634 scribenda
1124 2603 1223 2632 sunt:
