1677 3059
558 232 620 239 —
732 205 824 251 119
932 233 996 241 —

117 343 264 391 Klein(
326 342 478 391 Paullo
512 343 634 391 aliter
669 341 828 392 Scholl.
868 341 1006 389 Paris.
1076 342 1188 389 Nam
1218 353 1266 389 ut
1299 361 1424 390 mon-

116 435 180 471 tes
205 431 345 477 κίονες
369 425 583 482 dicantur,
619 435 666 471 ut
688 442 755 489 ap.
781 423 910 470 Pind.
937 423 1067 489 Pyth.
1091 424 1124 481 I,
1155 425 1226 470 19.
1280 424 1422 470 Aetna

115 512 227 553 κίων
272 512 490 571 οὐρανία,
547 505 615 552 vix
648 514 851 569 poterant
897 509 1132 567 ῥαδινοί
1176 511 1314 555 κίονες
1348 523 1421 551 vo-

117 587 217 633 cari.
250 618 315 624 ——
376 589 426 634 V.
456 589 560 635 165.
595 586 822 648 ἐρεύγεται
851 586 1045 632 omnium
1071 586 1284 632 librorum
1310 585 1418 633 scri-

114 676 288 730 pturam
321 679 493 733 praeter
517 665 660 714 Guelf.
692 677 733 713 et
765 666 873 729 Reg.
900 667 966 723 D,
1004 667 1078 731 qui
1114 664 1278 712 habent
1299 667 1418 728 ἐρεύ-

113 752 277 812 θεται,
333 748 672 812 intemperanter
722 745 1016 794 Wellauerus
1062 764 1194 792 sensu
1249 765 1417 793 cassani

112 827 427 890 pronunciavit.
495 827 785 892 Interpretare
813 846 862 875 se
894 827 1137 891 dassundc't.
1206 828 1315 874 Nam
1351 827 1416 874 sol

111 924 200 952 non
235 917 378 970 potest
399 906 499 954 'dici
531 910 833 972 ἐρε-ὐθεσθαι,
871 927 958 973 quo
994 908 1159 955 oriente
1194 920 1308 956 terra
1336 929 1417 975 po-

110 987 196 1034 tius
224 998 264 1035 et
296 989 444 1037 aether
475 990 725 1051 ἑρεύθεται.
794 987 961 1035 Eadem
987 987 1121 1035 verba
1140 990 1324 1038 confusa
1347 1010 1414 1058 ap.

108 1067 335 1134 Sapphon.
368 1069 497 1133 frgm.
519 1070 714 1125 XXXV,
750 1068 828 1115 ubi
851 1068 1013 1133 injuria
1035 1069 1259 1131 ἐρεύγεται
1282 1072 1417 1120 Neui-

107 1167 183 1198 um
237 1148 488 1199 defendisse
533 1151 735 1198 evincunt
789 1168 901 1215 quae
944 1150 1184 1213 integriora
1235 1155 1417 1219 protulit

108 1229 289 1276 Seidler.
327 1231 442 1278 Mus.
468 1231 668 1279 Rhenan.
707 1232 847 1289 1829,
880 1231 932 1278 II.
956 1250 997 1296 p.
1024 1233 1216 1296 29226)
1252 1265 1313 1276 ..-
1361 1238 1413 1283 V,

111 1310 215 1358 165.
251 1313 361 1372 ἱεροί
386 1313 481 1374 ῥόοι
511 1312 793 1360 offenderunt
826 1312 1104 1378 Spitznerum
1128 1311 1182 1358 de
1203 1331 1312 1361 vers.
1338 1314 1414 1362 he-

107 1392 210 1439 roic.
246 1410 289 1457 p.
326 1394 400 1440 76.
483 1392 575 1456 Qui
619 1412 755 1458 quum
791 1393 941 1459 Epicis
984 1403 1233 1440 constanter
1268 1394 1354 1442 dici
1388 1400 1415 1445 ὁ

106 1475 237 1537 ῥόος,
273 1477 323 1519 αἱ
356 1477 462 1534 ρὀοεί
494 1473 794 1532 observasset,
830 1475 1016 1521 formam
1051 1491 1132 1520 nec
1169 1492 1235 1539 ap.
1267 1476 1412 1541 Apoll.

105 1553 210 1601 alibi
244 1552 398 1600 lectam
429 1554 476 1601 in
511 1572 560 1600 eo
599 1554 766 1620 aliquid
794 1554 1003 1621 praesidii
1040 1554 1202 1602 habere
1228 1555 1414 1604 arbitra-

103 1645 174 1682 tus
195 1646 273 1693 est‚
311 1634 432 1700 quod
463 1635 589 1700 quasi
611 1635 998 1701 circumloquendo
1034 1635 1153 1684 fluvii
1187 1637 1272 1702 ipsi
1293 1636 1413 1685 hisce

161 1828 231 1874 26)
260 1828 360 1864 Haec
385 1836 468 1864 sunt
494 1829 601 1864 verba
640 1827 843 1876 Sapphonis
875 1842 930 1877 ap.
961 1828 1095 1864 Scholl.
1129 1829 1364 1878 Hermogenis
1393 1845 1413 1867 a

234 1894 389 1929 WValzio
411 1895 604 1939 edendum,
633 1909 724 1942 quae
751 1901 833 1929 sunt
859 1908 900 1929 ex
928 1895 1086 1930 carmine
1110 1895 1275 1943 populari
1302 1903 1340 1932 ut
1359 1896 1414 1931 vel

234 1960 472 1995 conformatio
498 1962 689 1995 verborum
719 1961 852 2008 arguit:

290 2024 374 2062 Οἶον
399 2025 436 2063 τό
462 2027 682 2073 γλυκήιιαλου
707 2026 889 2075 ἐρεύθεται
915 2024 1009 2075 ἄκρῳ
1037 2024 1090 2062 ἐπ’
1118 2023 1226 2074 ὅσὸῳ,

287 2089 395 2140 ἄκρον
420 2092 471 2128 ἐπ’
499 2091 696 2142 ἀκροτάτῳ,
725 2093 917 2130 λελάθοντο
946 2095 984 2129 δὲ
1012 2092 1265 2140 μαλοδροπῆες,

291 2155 332 2192 οὗ
359 2157 427 2203 μάν
449 2157 682 2199 ἐκλελάθονί,
711 2157 785 2194 ἀλλ’
815 2157 880 2194 οὐκ
905 2157 1053 2195 ἐδύναινιι
1081 2159 1281 2203 ἐφικέσθαι.

235 2220 415 2267 Populare
445 2231 561 2258 autem
587 2237 734 2258 carmen
763 2224 867 2270 quale
900 2223 1093 2270 intelligam
1123 2223 1265 2257 docebit
1297 2223 1414 2256 Usel-

237 2285 330 2321 cker.
368 2287 403 2320 in
431 2301 579 2323 censura
616 2289 750 2337 Sapph.
779 2289 906 2331 Nouii,
959 2301 1049 2334 quae
1087 2288 1213 2334 legitur
1241 2287 1276 2320 in
1307 2286 1413 2320 Jahn.

235 2352 380 2386 Annall.
408 2351 542 2398 philoll.
575 2354 690 2397 1828,
719 2355 764 2397 II,
794 2354 830 2390 4.
861 2368 893 2401 p.
914 2353 992 2390 402
1013 2367 1110 2400 sqq.‚
1142 2353 1201 2399 qui
1227 2352 1279 2385 vir
1308 2365 1413 2398 prae—

236 2417 331 2452 clare
359 2417 506 2451 meritus
534 2425 585 2452 est
613 2419 657 2452 de
685 2419 756 2455 hoc
782 2432 911 2468 genere
940 2418 1054 2465 poesis
1083 2432 1101 2451 a
1131 2418 1198 2451 situ
1228 2424 1332 2463 atque
1359 2424 1414 2450 te-

237 2482 355 2518 nebris
381 2482 419 2517 in
444 2483 561 2517 lucem
588 2486 802 2520 revocando.
859 2486 913 2519 De
947 2484 1068 2517 Herm.
1092 2481 1255 2516 lx'oesteri
1283 2479 1414 2523 libello,

238 2561 346 2595 quem
365 2551 410 2582 de
431 2550 630 2582 cantilenis
649 2554 898 2594 popularibus
925 2556 1006 2582 vell.
1038 2550 1218 2582 Grau-or.
1247 2546 1417 2593 seriptum

238 2611 398 2649 Berolini
430 2612 543 2649 1831.
574 2611 703 2656 edidit,
735 2615 804 2650 alio
830 2616 910 2650 loco
936 2614 1063 2649 dicuni.
