1677 3059
550 213 615 220 —
727 184 816 230 165
921 212 984 221 -

108 327 240 385 ἔβαλε
261 321 438 369 σκότον.
493 321 718 388 Aristoph.
744 319 854 368 Ach.
879 323 986 369 392.
1018 325 1078 374 (ὃς
1099 327 1262 385 σκῆψιν
1281 330 1409 388 ἁγών

107 391 242 453 οὗτος
281 406 371 450 οὐκ
403 407 644 455 εἰςδέξεται.
718 400 871 468 Eurip.
906 403 1074 451 Heracl.
1112 408 1218 457 722.
1272 410 1407 468 ἐγγὺς

106 485 236 544 ἁγών
277 487 360 530 καί
386 486 569 541 μάλιστ’
599 484 721 547 Ἄρης
761 491 924 544 στυγεῖ
947 488 1204 540 μέλλοντας.
1295 486 1403 534 Plat.

107 563 267 630 Cratyl.
299 565 478 630 p.·421‚
512 565 568 614 D,
613 567 668 612 οὐ
701 569 854 620 μέντοι
881 583 960 620 μοι
1002 570 1132 612 δοκεῖ
1162 568 1406 628 προφάσεις

101 647 127 691 ὁ
158 646 290 705 ἀγών
316 650 604 699 εἰςδὲχεσθαι.
669 643 839 691 Alludit
864 642 1034 695 Coluth.
1057 646 1185 711 Rapt.
1209 647 1302 694 Hel.
1326 648 1402 695 84.

100 728 261 787 Ἐγγύς
293 728 442 789 ἀγών,
478 724 601 789 quod
633 724 795 771 vitiavit
830 725 1082 790 Lennepius
1118 746 1207 773 non
1237 727 1403 774 intelle-

99 816 227 852 ctum.
293 804 489 870 Al-ciphr-
521 805 633 869 Epp.
667 805 702 862 I,
733 805 807 851 39.
845 808 926 851 καί
947 806 1038 867 γάρ
1071 810 1125 852 οὐ
1147 816 1269 866 φιλεῖ
1291 828 1401 870 προ-

98 888 253 945 φάσεις
284 888 426 946 οέγών.
493 886 646 949 Neque
671 885 891 949 negligam
917 885 1249 951 Thucydidium
1280 888 1399 935 illum

97 965 309 1013 Periclem
344 967 378 1023 Ι,
417 966 522 1013 152.
576 968 662 1013 τοῦ
693 972 894 1022 πολέμου
928 971 971 1013 οἱ
1007 971 1159 1029 καιροί
1190 972 1245 1015 οὐ
1278 987 1400 1025 μενε-

92 1052 177 1093 τοί.
244 1046 402 1092 Incerti
436 1056 590 1111 poetae
621 1047 668 1098 ni
703 1045 830 1092 fallor
852 1047 1002 1109 tragici
1024 1047 1284 1095 versiculum
1308 1067 1399 1096 ser-

93 1127 205 1173 vavit
238 1126 401 1174 Macar.
445 1125 653 1192 Chiysoc.
691 1146 758 1193 ap.
800 1126 955 1173 XValz.
993 1127 1038 1174 in
1082 1129 1237 1175 Arsen.
1285 1129 1396 1176 Yiol.

95 1226 138 1273 p.
176 1208 248 1254 17.
290 1207 428 1268 Ἀγών
460 1208 551 1268 γὰρ
586 1210 641 1254 οὐ
675 1214 885 1264 μέλοντος
919 1211 1136 1265 ἀθλητοῦ
1165 1215 1285 1265 μένει-
1315 1214 1397 1256 022„-

92 1289 203 1345 κήν·
231 1291 308 1334 ἐπί
332 1289 416 1334 τοῦ
435 1288 502 1344 μὴ
528 1289 898 1350 ὑπερβάλλοντος.
964 1287 1119 1335 Scribe
1139 1296 1396 1352 μέλλοντος,

88 1367 322 1415 inducatur
365 1369 444 1425 μή.
530 1367 789 1431 Ibidemque
832 1366 947 1414 idem
995 1372 1128 1430 (ἐγών
1165 1372 1397 1432 πρόφασιν

88 1454 307 1505 διαμένει·
337 1449 489 1504 δῆλον.
558 1448 705 1496 Insere
729 1452 786 1495 οὐ
810 1459 907 1494 aute
930 1454 1135 1505 διαμένει.
1194 1450 1392 1516 Apostol.

89 1529 209 1576 Cent.
235 1529 269 1586 Ι,
294 1530 370 1575 29.
407 1532 536 1590 ἀγών
571 1536 747 1582 δέχεται
768 1533 824 1574 οὐ
848 1531 1048 1588 σκήψεις.
1087 1536 1162 1578 ἐπί
1183 1535 1274 1578 τῶν
1306 1550 1393 1588 μη-

87 1615 162 1657 δὲν
204 1615 477 1665 ὀνιναμένων
517 1615 554 1656 εἰ
587 1611 876 1665 σκήπτοιντο.
974 1611 1025 1657 Ιιι
1070 1612 1320 1658 universum
1355 1630 1390 1656 v.

84 1688 300 1754 Leopard.
334 1690 515 1737 Miscell.
550 1691 667 1745 XIII,
706 1692 746 1736 7.
785 1720 846 1727 —-

202 1769 292 1816 Sed
314 1768 517 1818 ludorum
542 1772 724 1817 istorum
748 1771 955 1834 quoniam
979 1771 1111 1817 semel
1134 1772 1247 1817 facta
1270 1790 1389 1817 men-

84 1851 143 1897 tio
171 1862 257 1908 est,
294 1869 384 1896 non
415 1851 470 1896 ab
506 1871 552 1898 re
586 1852 679 1897 fore
712 1850 1000 1907 arbitramur,
1038 1851 1072 1896 si
1100 1851 1389 1915 adjecerimus

83 1931 298 1996 quaedam
331 1930 547 1978 corollarii
574 1932 670 1979 loco
703 1932 747 1977 in
770 1950 943 1978 carmen
976 1930 1291 1978 Stesichorium
1313 1950 1388 1978 ne-

83 2029 168 2076 que
202 2029 225 2056 a
246 2011 420 2059 Kleinio
456 2031 598 2077 neque
624 2013 678 2059 ab
709 2012 803 2061 aliis
831 2013 1070 2059 observata.
1144 2011 1270 2073 Quae
1294 2011 1386 2076 pla-

83 2092 172 2139 cuit
205 2092 418 2156 conjicere
454 2093 500 2140 in

520 2216 848 2254 Excursum
899 2216 940 2252 ΙΙ.

243 2287 305 2332 In
343 2286 680 2335 Stesichori
716 2280 876 2336 ἆθλα
910 2289 1006 2333 ἐπί
1038 2294 1228 2350 Πελίᾳ.

154 2383 279 2422 Peliae
300 2383 399 2436 patri
421 2383 558 2422 doloso
571 2385 726 2424 Medeae
749 2384 911 2424 consilio
935 2383 1118 2421 machinis
1144 2392 1278 2422 necato
1291 2384 1382 2422 filia-

78 2465 163 2490 ruin
186 2453 348 2491 Acastus
376 2452 488 2490 ludos
517 2452 698 2492 funebres
726 2454 896 2492 instituit
924 2453 1039 2500 Iolci,
1071 2453 1252 2503 Apollod.
1282 2455 1312 2501 l,
1345 2457 1383 2500 9,

79 2526 143 2560 28.
201 2523 329 2570 Quem
355 2534 502 2558 morem
541 2534 561 2558 a
596 2521 866 2559 vetustissimis
903 2522 992 2559 inde
1018 2520 1257 2572 temporibus
1285 2522 1382 2572 apud

85 2590 256 2629 Graecos
287 2588 467 2629 floruisse
493 2589 617 2628 Iliadis
634 2590 860 2629 Homericae
890 2590 988 2628 liber
1013 2590 1139 2627 XXIII
1167 2589 1292 2637 docet,
1323 2590 1381 2627 in-
