1677 3059
516 220 952 270 —179—

75 381 208 410 sonae
245 360 541 425 membrisque
571 371 754 408 utuntur
786 359 878 407 suis
919 371 1103 425 uterque
1137 361 1383 422 simillimis,

74 441 153 488 sed
181 442 227 489 in
258 461 389 490 unam
421 442 611 506 speciem
645 439 845 488 coaluere
873 440 1012 498 infra,
1047 439 1175 506 plane
1209 453 1258 489 ut
1293 443 1382 491 fra-

73 522 224 569 terculi
263 523 479 570 Siamitae.
558 520 726 568 Fabula
766 533 907 568 autem
945 521 999 568 de
1034 540 1115 569 ovo
1160 537 1383 587 argenteo,

73 602 118 649 in
154 604 279 668 cujus
315 602 599 669 explicatione
635 620 725 648 non
759 601 969 648 satisfacit
1001 603 1141 668 Heyn.
1175 605 1380 670 Apollod.

73 703 115 748 p.
152 686 292 742 285„
327 682 559 749 peculiaris
594 693 657 729 est
688 693 840 747 poetae
873 683 1101 745 Rhegino,
1140 702 1270 748 quam
1307 687 1382 751 qui

72 762 240 827 legerit,
274 765 419 811 Ledae
450 782 580 810 ovum
603 766 875 810 ὑακίνθινον
907 762 1224 821 reminiscemr,
1262 766 1384 830 quod

72 845 241 891 Neuius
276 842 443 909 Sapph.
476 861 517 908 p.
545 845 619 891 56.
647 855 762 890 rectc
792 862 842 890 ex
875 843 1074 889 doctrina
1107 845 1290 910 mystica
1314 866 1382 894 re-

71 925 204 990 petit,
260 922 360 970 licet
394 921 625 969 oblocutus
660 923 716 969 sit
751 923 939 971 Lobeck.
981 922 1200 989 Aglaoph.
1237 925 1300 983 II,
1338 946 1381 992 p.

73 1005 211 1055 1257.
300 1003 464 1070 Ibycus
499 1022 604 1050 num
639 1003 751 1049 forte
793 1002 1091 1068 Orphicorum
1133 1004 1291 1070 placita
1338 1009 1382 1057 in

68 1102 198 1132 usum
247 1102 377 1131 suum
423 1084 683 1131 converterit
729 1084 897 1131 dubito.
944 1115 1005 1120 —
1081 1086 1275 1136 Fabulae
1309 1109 1383 1137 va-

68 1165 240 1212 rietates
284 1164 401 1230 siqui
436 1165 640 1230 persequi
679 1165 859 1212 uberius
904 1164 1028 1223 velit,
1080 1167 1118 1213 ei
1154 1170 1378 1218 materiem

66 1245 416 1312 suppeditabunt
460 1245 704 1310 Pherecyd.
750 1264 819 1311 ap.
864 1246 1024 1294 Scholl.
1071 1249 1182 1297 Ven.
1220 1249 1266 1296 Il.
1303 1252 1380 1307 XI,

66 1327 201 1384 708,
253 1327 452 1374 Creuzcr.
499 1325 660 1373 Melett.
695 1326 719 1373 l.
753 1345 815 1385 c.,
862 1327 1096 1375 Ruhnken.
1135 1328 1182 1376 in
1218 1330 1378 1378 Scholl.

65 1407 174 1455 Plat.
199 1407 391 1474 Opuscc,
418 1408 471 1464 II,
495 1426 538 1472 p.
565 1408 671 1456 548.
700 1409 932 1466 Friedem.‚
968 1409 1146 1455 Clavier.
1171 1410 1216 1457 in
1240 1411 1378 1476 Apol-

65 1486 152 1534 lod.
183 1506 224 1553 p.
252 1488 359 1537 306.
378 1525 389 1545 ,
425 1487 538 1534 adde
569 1488 703 1539 Basil.
738 1487 887 1536 scholl.
912 1490 957 1536 in
983 1490 1117 1553 Greg.
1146 1492 1249 1541 NaZ.
1274 1494 1376 1550 XX,

64 1587 107 1634 p.
146 1571 253 1616 332.
291 1568 410 1635 apud
451 1569 714 1617 Boissonad.
753 1570 810 1617 ad
853 1571 1090 1618 Herodian.
1129 1576 1378 1636 ἐπιμερισμ.

63 1668 106 1715 p.
137 1649 216 1700 87.

462 1795 700 1859 Fragm.
769 1799 969 1845 XXVIII.

193 1887 339 1936 Schol.
377 1891 464 1956 Ap.
503 1890 590 1940 Rh.
625 1891 680 1949 Π,
714 1893 820 1940 778.

155 1973 321 2018 Πολλοί
341 1973 472 2032 λόγοι
493 1975 596 2035 περὶ
625 1975 710 2019 τοῦ
739 1975 820 2032 τῆς
851 1974 1120 2031 Ἱππολύτης
1153 1976 1378 2037 ζωστῆρος

61 2054 182 2098 εἰσίν.
250 2057 372 2102 Τινὲς
404 2057 487 2107 μὲν
519 2055 611 2115 γὰρ
647 2055 942 2117 Ἱππολύτης,
980 2055 1111 2101 ἄλλοι
1145 2060 1194 2101 δέ
1228 2059 1377 2102 Διϊλύ-

60 2147 155 2188 κης.
221 2130 334 2194 Ἴβυ
348 2150 446 2184 κος
472 2138 521 2181 δὲ
542 2139 664 2185 ἰδίως
681 2137 876 2198 ἱστορῶν
897 2137 1118 2193 Οἰολύκης
1138 2139 1220 2193 τῆς
1243 2139 1377 2198 Βριόσ·

60 2229 147 2273 ρεω
174 2213 411 2273 θυγατρὸς
440 2232 592 2273 φησιν.

190 2291 474 2359 Hippolytam
506 2306 678 2359 praeter
700 2295 905 2361 Apollon.
932 2295 957 2342 l.
986 2314 1022 2346 c.
1048 2296 1200 2361 relicui
1222 2310 1378 2346 vocant

60 2391 172 2437 quos
202 2374 395 2420 noverim
427 2393 600 2432 omnes,
636 2375 840 2441 Apollod.
870 2378 923 2435 II,
948 2379 992 2435 5,
1019 2380 1087 2437 9.‚
1129 2377 1262 2424 Diod.
1288 2379 1373 2427 Sic.

59 2453 134 2510 IV,
179 2455 280 2511 16.,
330 2455 494 2502 Zenob.
521 2458 575 2512 V,
606 2458 707 2512 33.‚
751 2457 919 2504 Eudoc.
951 2457 1064 2508 Viol.
1091 2478 1134 2524 p.
1162 2461 1374 2508 35.aecum

62 2531 171 2582 aliiS.
241 2534 309 2580 De
346 2536 621 2601 expeditione
655 2536 868 2584 Herculea
906 2558 942 2584 v.
978 2539 1119 2604 Heyn.
1155 2540 1201 2586 in
1234 2540 1373 2606 Apol-

57 2611 142 2659 lod.
174 2633 215 2680 p.
242 2615 347 2665 153.
420 2617 620 2663 Ceterum
655 2615 821 2682 Ibycus
858 2618 1097 2685 Oeolycam
1133 2638 1256 2667 suam
1292 2640 1372 2668 no-

1053 2701 1111 2746 12
1134 2712 1151 2732 *
