1677 3059
570 190 1015 239 -59-

141 343 276 378 teram
297 339 466 396 partem
495 341 692 396 spectant
715 330 842 394 frgm.
870 331 936 389 V,
971 329 1026 376 de
1055 327 1304 376 habitaculo
1327 330 1445 378 Deo-

141 430 263 469 rum;
316 411 444 475 frgm.
489 413 576 459 XX
622 410 860 459 Diomedes
911 421 953 458 et
995 409 1260 466 Hermiona;
1315 409 1442 474 frgm.

141 492 309 539 XXVII
341 491 395 539 de
422 511 508 540 ouo
536 502 740 556 argenteo
762 491 1128 549 Molionidarum3
1165 491 1292 554 frgm.
1317 492 1446 539 XXII

141 571 196 620 de
231 571 415 639 Orpheo
449 573 569 620 socio
603 573 970 635 Argonautarum.
1039 572 1089 619 In
1124 571 1342 635 ejusmodi
1376 590 1445 619 re-

140 653 249 712 bus,
300 653 450 718 quales
483 652 612 716 frgm.
650 652 779 710 XXI,
835 652 1024 699 XXVIII
1058 651 1212 709 habet,
1267 651 1446 700 difficile

139 746 204 782 est
234 735 375 793 dictu,
423 745 570 780 utrum
603 735 858 782 vetustiores
894 745 1046 799 poetas
1083 734 1330 798 famamque
1366 753 1447 801 po-

138 815 337 881 pularem
373 813 666 879 adoptaverit,
704 833 759 862 an
789 813 986 877 fingendi
1012 812 1211 861 licentiae
1246 833 1294 862 se
1329 833 1447 863 com-

137 895 316 943 miserit.
382 893 496 941 Sunt
531 906 696 952 antem,
734 914 846 961 quae
884 894 1053 961 primus
1085 913 1135 941 ex
1156 913 1346 944 *rumore
1367 915 1448 962 po-

136 974 231 1040 puli
267 986 308 1022 et
350 973 512 1021 sabulis
549 974 799 1022 domesticis
834 975 879 1022 in
915 976 1109 1023 carmina
1143 994 1223 1023 sua
1257 988 1449 1024 transtu-

137 1055 259 1115 lerit,
312 1055 441 1102 veluti
476 1054 604 1117 frgm.
643 1056 875 1102 XXXVIII
909 1056 1105 1103 fabulam
1142 1057 1196 1104 de
1239 1057 1449 1122 dipsade3

137 1136 266 1199 frgm.
299 1137 450 1182 XXXI
494 1136 548 1184 de
582 1135 729 1201 phiala
776 1135 985 1203 Olympia
1030 1147 1159 1201 atque
1205 1138 1451 1196 Arethusa;

137 1216 266 1280 frgm.
303 1218 434 1264 XXX
468 1218 522 1264 de
559 1216 782 1274 Vulcano,
829 1228 1004 1264 auctore
1051 1217 1292 1265 calidorum
1337 1218 1453 1266 lava-

140 1314 340 1356 crorum,
385 1299 563 1346 Herculi
608 1298 976 1357 ministratorum3
1034 1299 1160 1362 srgm.
1197 1300 1368 1346 XXXV
1398 1299 1454 1347 de

140 1377 331 1446 Sicyone
374 1380 659 1447 Sieyoniique
702 1377 949 1440 originibus
994 1379 1149 1445 Asopi.
1255 1380 1373 1427 Haec
1407 1381 1454 1427 in

140 1468 227 1504 tam
263 1460 431 1508 tenellis
468 1459 665 1507 frustulis
703 1458 806 1504 satis
841 1460 976 1507 multa
1010 1461 1162 1507 insunt
1198 1459 1454 1523 singularia,

142 1558 254 1604 quae
298 1540 567 1589 desiderium
614 1552 767 1606 poetae
811 1559 903 1588 non
941 1551 1029 1587 tam
1076 1539 1272 1606 explent,
1324 1556 1457 1605 quam

143 1622 365 1669 suscitant.

272 1702 469 1749 Pronum
499 1714 564 1749 est
595 1701 826 1767 suspicari,
862 1712 1035 1749 secutos
1062 1702 1247 1769 Ibycum
1273 1719 1346 1748 eos
1372 1719 1454 1767 po-

142 1782 358 1830 tissimum
394 1800 489 1830 esse
519 1795 695 1849 poetas,
754 1784 828 1848 qui
860 1783 907 1829 in
954 1781 1103 1829 Sicilia
1149 1781 1358 1846 Italiaque
1394 1781 1457 1828 vi-

144 1874 310 1911 xerunt.
378 1863 447 1910 De
482 1862 730 1910 Dinolocho
767 1864 933 1911 comico
972 1881 1007 1908 v.
1043 1862 1173 1925 srgm.
1209 1862 1457 1922 XXXVIII,

146 1945 202 1992 de
256 1943 483 1992 Simonide
536 1945 664 2008 frgm.
707 1946 879 2002 XVIII,
949 1944 1002 1991 de
1056 1943 1277 2010 Aeschylo
1310 1942 1456 2005 srgm.

146 2025 306 2071 XXHI.
374 2026 486 2072 Nam
513 2025 718 2091 Thespis,
755 2026 829 2091 qui
867 2037 907 2073 et
941 2025 1035 2090 ipse
1070 2024 1116 2071 in
1146 2022 1310 2080 sabula,
1348 2041 1459 2087 quae

149 2099 284 2152 ἆθλα
314 2108 346 2163 ἢ
382 2109 553 2170 φορβόσς
584 2108 795 2174 inscripta
828 2108 911 2155 fuit
948 2117 1051 2153 teste
1088 2104 1211 2152 Suid.
1249 2122 1281 2150 s.
1305 2122 1341 2152 v.
1382 2109 1459 2151 Θέ-

151 2203 282 2249 σπις,
320 2185 475 2234 Glauci
506 2189 755 2236 Potniensis
788 2188 924 2235 satum
955 2196 1209 2252 persecutus
1235 2194 1348 2242 erat,
1382 2202 1459 2231 ne-

153 2284 239 2330 que
282 2265 580 2315 Stesichorum
610 2269 782 2316 videtur
815 2268 1038 2331 cognitum
1073 2265 1282 2311 habuisse
1315 2282 1458 2328 neque

151 2346 348 2413 Ibycum.
416 2346 658 2395 Pindarum
687 2348 960 2413 frequentius
995 2356 1148 2410 poetae
1185 2347 1323 2392 nostri
1359 2363 1459 2390 nar-

153 2427 343 2474 rationes
388 2438 583 2474 secutum
628 2429 865 2475 ostendunt
908 2427 1107 2489 sragmm.
1151 2426 1256 2482 Vll,
1318 2425 1458 2483 XXII,

153 2505 335 2563 XXVII,
371 2507 530 2553 XXXI.
585 2508 713 2554 Mitto
736 2507 1013 2573 Sophoclem,
1049 2504 1321 2570 Euripidem,
1356 2504 1459 2554 Ari-

155 2586 428 2652 stophanem,
461 2587 515 2634 de
541 2587 703 2652 quibus
729 2588 874 2635 minus
897 2598 1051 2636 testata
1070 2604 1139 2633 res
1166 2596 1240 2632 est.
1308 2585 1459 2649 Quum
