1677 3059
699 248 764 255 —-
876 221 967 271 196
1079 250 1142 258 ——

267 355 384 425 05127·
417 364 507 422 ἐγώ
531 363 614 407 τοῦ
644 363 802 416 μύθου
825 364 1051 424 ποιητής
1084 365 1187 409 ἀλλ’
1212 367 1299 411 οὐκ
1321 367 1379 411 ὀὲν
1396 367 1577 420 εἴποιμι.

267 449 361 494 ἐπεί
381 447 460 491 καί
481 443 568 502 πρὸ
601 443 713 495 ἐμοῦ
736 445 972 501 Σοφοκλῆς
996 446 1021 487 ὁ
1052 447 1132 500 τῆς
1160 452 1419 508 τραγῳδίας
1443 467 1577 505 ,πορη-

267 530 347 584 τής
377 527 455 572 καί
476 523 735 574 Δεινόλοχος
765 526 789 569 ὁ
815 526 1163 582 ἀνταγωνιστὴς
1187 528 1468 588 Ἐπιχάρμου
1496 532 1578 575 καί

262 609 480 671 Ἴβυκος
521 605 549 647 ὀ
593 605 856 664 Ῥηγῖνος
893 608 973 650 καί
1004 609 1221 667 Ἀριστέας
1255 610 1337 653 καί
1366 614 1574 656 Ἀπολλο-

265 691 412 750 φάνης
444 686 634 741 ποιηταί
663 690 904 747 κωμῳδίας
936 685 1124 748 ᾄδουσιν
1159 688 1314 733 αὐτόν.

387 770 681 815 Buttmannus
733 765 778 811 in
813 777 1083 812 commentat.
1135 767 1432 831 Schoepfung
1476 765 1579 813 und

263 847 573 912 Suendensall
602 846 828 911 inscripta,
864 847 1049 914 Mythol.
1080 848 1110 893 Ι.
1137 866 1177 912 p.
1206 849 1296 895 146
1320 866 1416 912 sqq.
1455 864 1572 894 com-

263 933 387 999 ponit
412 930 521 975 hanc
556 926 750 973 fabulam
773 946 871 974 cum
906 929 1103 975 Mosaica
1136 928 1208 974 illa
1241 928 1296 975 de
1332 928 1466 991 angui
1494 946 1574 993 pa-

262 1012 422 1061 radisi:
470 1007 668 1056 redolere
704 1007 818 1054 enim
854 1007 1069 1070 originem
1104 1008 1357 1055 orientalem
1392 1026 1576 1074 eamque

264 1090 532 1143 concordare
563 1088 720 1136 multas
753 1090 797 1135 in
819 1099 965 1154 partes
986 1107 1085 1135 cum
1112 1087 1276 1135 biblica
1297 1088 1396 1147 illa,
1433 1107 1569 1154 quum

263 1188 447 1238 utraque
484 1171 541 1217 ad
575 1169 916 1237 mythologicam
944 1170 1117 1232 generis
1142 1169 1321 1217 humani
1347 1170 1575 1218 historiam

265 1265 440 1322 spectet.
511 1253 709 1315 Eamque
739 1250 853 1297 serio
889 1262 1108 1297 narratam
1145 1269 1170 1297 a
1203 1251 1384 1299 Graecis
1414 1263 1454 1299 et
1475 1270 1569 1299 cre-

263 1338 398 1385 ditam
433 1331 697 1399 Sophoclem
728 1329 860 1378 fidem
896 1331 1063 1389 facere,
1119 1333 1472 1397 antiquissimum
1505 1334 1572 1381 fa-

262 1418 392 1466 bulae
429 1426 674 1472 auctorem,
722 1414 797 1478 qui
840 1415 884 1460 in
919 1413 1147 1477 tragoedia
1190 1431 1282 1460 non
1313 1414 1573 1462 reformida·

261 1499 370 1547 verit
394 1515 488 1544 eam
519 1511 733 1541 enarrare.
794 1496 856 1541 Ita
879 1496 1196 1542 Buttmannus:
1230 1514 1255 1542 a
1279 1495 1405 1559 cujus
1430 1506 1574 1542 mente

261 1594 308 1629 ut
342 1597 423 1627 nos
467 1587 662 1625 nostram
698 1574 953 1638 longissime
996 1576 1254 1623 sententiam
1290 1576 1572 1640 dijungamus

261 1661 397 1711 multa
431 1670 534 1707 sunt
565 1657 608 1704 in
645 1675 810 1703 caussa.
901 1658 1010 1704 Nam
1050 1675 1195 1721 neque
1231 1657 1472 1722 Sophocles
1508 1656 1574 1703 fa-

261 1742 411 1790 bulam
446 1739 660 1787 cothurno
695 1737 862 1801 tragico
895 1736 1101 1799 dignatus
1137 1750 1224 1796 est,
1260 1756 1404 1803 neque
1427 1748 1571 1784 vetus-

261 1823 456 1871 tissimus
502 1829 654 1866 auctor
698 1829 786 1877 est,
834 1818 891 1865 ad
928 1837 1058 1883 quem
1092 1819 1318 1866 referatur.
1394 1819 1571 1866 Induxit

260 1905 577 1950 Buttmannum
611 1899 846 1957 Aelianus,
899 1900 976 1964 qui
1019 1900 1271 1963 tragoediae
1313 1900 1571 1966 scriptorem

263 1982 528 2049 Sophoclem
570 1980 807 2026 nominavit
842 1999 892 2028 ex
933 1981 1171 2047 praecipua
1216 1979 1371 2027 virtute
1415 1983 1562 2046 poesis

263 2062 550 2130 Sophocliae3
584 2071 692 2108 teste
714 2060 859 2108 Schol.
882 2062 1088 2109 Nicandr.
1112 2063 1150 2108 T
1154 2061 1310 2108 heriac.
1339 2062 1447 2109 343.
1482 2081 1572 2110 me-

262 2141 403 2188 moria
438 2141 672 2205 Sophoclis
705 2141 860 2188 hausta
888 2153 951 2188 est
982 2160 1032 2188 ex
1063 2142 1214 2190 fabula
1247 2143 1459 2209 satyrica,
1494 2164 1570 2192 cu-

264 2222 333 2286 jus
382 2223 533 2270 titulus
578 2232 766 2284 Κωφοίε
815 2233 950 2269 aetate
991 2242 1091 2270 vero
1133 2223 1198 2270 vel
1241 2242 1357 2270 unus
1403 2224 1566 2292 Ibycus

265 2303 530 2368 Sophoclem
564 2306 812 2370 praecessit.
894 2306 972 2352 Est
1008 2324 1054 2353 ea
1091 2305 1241 2352 fabula
1270 2315 1370 2352 orta
1405 2324 1456 2352 ex
1489 2325 1568 2353 na-

265 2395 363 2431 tura
388 2398 656 2450 serpentum,
696 2387 771 2451 qui
796 2385 906 2452 pelle
934 2386 1087 2451 quovis
1113 2405 1227 2433 anno
1251 2387 1419 2452 abjecta
1443 2389 1568 2452 quasi

265 2479 590 2530 repuerascunt.
658 2468 793 2533 Cujus
829 2468 963 2513 moris
1001 2486 1136 2531 quum
1171 2486 1370 2514 caussam
1403 2479 1568 2515 scruta-

265 2558 440 2603 rentur,
477 2548 708 2595 commenti
744 2560 846 2595 sunt
876 2549 1073 2595 homines
1101 2548 1337 2614 populares
1361 2548 1477 2595 illam
1501 2547 1565 2594 fa-

265 2625 413 2674 bulam
448 2627 661 2677 ludicram
697 2641 738 2676 et.
771 2630 960 2692 ingeniis
992 2629 1177 2693 plcbcjis
1210 2627 1568 2676 accommodatis-
