1677 3059
678 220 742 228 .-.
867 192 930 237 92
1053 221 1117 228 -

246 330 421 381 Jacobs.
458 331 484 378 l.
522 349 556 378 c.
591 334 802 394 ἐρεμνὰς,
840 349 929 395 seq.
967 330 1194 386 Boisson.‚
1232 341 1277 376 ut
1309 328 1550 395 applicetur

247 414 305 462 ad
337 434 374 462 v.
409 416 572 475 φρένας
598 411 644 457 in
677 410 763 458 {ine
796 412 998 476 positum.
1068 411 1120 457 Id
1147 428 1248 457 vero
1282 429 1425 476 neque
1459 429 1548 458 me-

243 508 359 543 trum
393 495 502 551 sert,
537 509 681 556 neque
713 491 936 539 collocatio
971 492 1229 549 verborum,
1272 509 1415 556 neque
1447 511 1547 539 sen-

244 594 332 624 sus.
421 575 523 621 Non
573 573 687 619 enim
729 572 813 619 huc
860 573 1079 638 pertinent
1118 572 1296 618 Homeri
1338 577 1544 628 μέλαιναι

242 660 403 718 φρένες.
480 652 707 701 Fiorilloni
741 657 851 715 ἔρως
883 657 952 710 ἔμ’
991 654 1234 717 coniectare
1268 651 1442 717 placuit.
1482 681 1542 689 —-

240 740 537 799 ἀθαμβεΐῃσι.
589 733 695 780 Cod.
727 735 795 792 A„
829 734 963 781 Dind.
996 735 1281 797 obm‘Jo'cup‘17685
1313 734 1546 796 ἐθάμβησε

240 816 416 881 Steph.,
447 816 575 871 Urs,
609 813 807 871 Jacobs.;
845 817 1108 879 ἐθάμβησεν
1136 812 1384 860 Mehlhorn.
1453 812 1543 857 Da-

237 894 476 960 lecampius
515 895 826 959 interpretatur
867 914 970 942 »me
1013 894 1266 960 percellit‚‹<
1314 894 1390 958 qui
1435 909 1542 939 usus

234 974 359 1023 verbi
400 974 721 1039 posterioribus
768 974 1059 1039 scriptoribus
1105 973 1420 1038 relinquendus
1465 983 1540 1021 est.

236 1055 431 1102 Omnino
463 1066 628 1103 certum
662 1067 748 1114 est,
784 1054 968 1101 verbum
1000 1053 1143 1101 locum
1176 1073 1265 1101 non
1298 1072 1430 1119 posse
1464 1053 1542 1100 ha-

234 1135 354 1193 bere,
391 1134 494 1200 quia
517 1147 609 1182 tum
636 1135 785 1182 ultima
809 1135 1030 1182 intellectu
1055 1133 1365 1182 destituuntur.
1436 1135 1541 1181 Gal-

232 1215 343 1263 licus
376 1215 598 1280 Interpres
633 1215 842 1263 intellexit
876 1215 930 1264 de
965 1216 1151 1272 Amore,
1210 1216 1285 1281 qui
1319 1215 1414 1280 ipse
1449 1226 1541 1261 stu-

231 1308 334 1363 peat
362 1303 529 1353 μοενίας
556 1308 722 1362 poetae.
777 1296 1051 1343 Pravissime.
1120 1297 1185 1344 Ex
1205 1296 1419 1362 scriptura
1442 1295 1540 1344 cod.

230 1379 284 1425 A.
319 1377 566 1440 Schweigh.
604 1377 859 1424 dubitanter
881 1375 1047 1425 effinxit
1079 1377 1321 1441 οέθαμβὴς,
1358 1376 1428 1423 cui
1449 1395 1540 1423 non

229 1457 415 1504 multum
448 1458 603 1505 tribuit
636 1457 740 1504 fidei
764 1456 993 1514 Boisson.‚
1030 1456 1105 1520 qui
1127 1457 1303 1522 recepit.
1372 1458 1432 1504 At
1449 1475 1539 1504 me-

228 1549 345 1586 trum
385 1539 444 1585 ita
489 1537 741 1602 jugulatur,
801 1538 887 1584 nisi
922 1536 1206 1584 inserendum
1243 1555 1392 1584 censes
1435 1536 1537 1601 ἠδὲ,

229 1638 318 1684 quo
353 1619 468 1665 facto
504 1618 689 1665 elumbis
713 1617 854 1664 evadit
877 1628 919 1663 et
948 1617 1086 1663 oratio
1119 1629 1158 1664 et
1181 1618 1362 1665 numeri.
1425 1617 1539 1664 Nae-

227 1698 325 1746 kius
362 1698 549 1746 Choeril.
582 1717 622 1762 p.
652 1700 756 1745 107.
793 1708 1036 1747 monstrum
1070 1697 1140 1743 alii
1177 1698 1445 1745 domandum
1469 1716 1539 1745 re-

225 1779 375 1844 liquit3
413 1797 647 1842 aggressus
685 1791 750 1826 est
780 1778 1016 1828 Hermann.
1049 1779 1162 1844 Eph.
1195 1778 1303 1825 liter.
1330 1778 1473 1843 Lipss.
1508 1778 1534 1825 l.

226 1878 261 1906 c.
296 1859 556 1908 scribendo:
601 1863 789 1923 ἐρυμνός
819 1863 1136 1923 οὶθαμβείῃσι,
1186 1859 1536 1924 munitusfidu-

225 1944 308 1989 cia.
379 1941 527 2004 Quam
563 1941 911 1989 emendationem
933 1940 993 1986 ita
1017 1939 1334 2006 adoptavimus⁷
1373 1951 1420 1986 ut
1442 1958 1534 1986 ser-

223 2033 320 2069 vato
353 2023 559 2084 ἐ-ρεμνός,
609 2021 730 2085 quod
766 2039 951 2086 prorsus
987 2021 1282 2068 necessarium
1319 2020 1398 2078 sit,
1442 2039 1534 2067 me-

222 2113 338 2149 trum
383 2101 601 2149 solutione
641 2100 906 2166 diphthongi
952 2101 1143 2148 admissa
1174 2112 1531 2160 sustentaremus,

223 2201 248 2228 a
281 2201 367 2247 qua
397 2201 487 2229 non
521 2193 585 2228 est
619 2199 696 2229 cur
733 2180 998 2229 abstinuisse
1033 2182 1218 2249 Ibycum
1255 2182 1528 2229 arbitremur.

220 2262 289 2308 De
330 2263 508 2326 tragicis
551 2263 692 2327 poetis
728 2263 803 2309 cfr.
843 2261 990 2307 Elmsl.
1030 2260 1087 2307 ad
1120 2262 1224 2307 Eur.
1263 2261 1382 2308 Med.
1419 2262 1529 2320 806,

220 2342 472 2390 Wellauer.
495 2341 551 2388 ad
574 2343 731 2390 Aesch.
760 2341 914 2406 Suppl.
938 2343 1014 2399 58,
1044 2343 1198 2405 Agam.
1225 2344 1330 2389 122.
1380 2344 1530 2390 „Mael-

223 2422 346 2469 [erus
371 2423 623 2471 dubitanter
649 2425 1009 2487 οέθαμβοσὺνῃσι
1034 2423 1288 2487 conjecerat.
1347 2424 1415 2470 De
1439 2424 1528 2469 sin-

222 2501 397 2549 ceritate
429 2507 671 2570 scripturae
700 2516 840 2551 tamen
871 2504 992 2551 valde
1013 2504 1288 2561 dubitamus,
1325 2521 1459 2568 quum
1481 2502 1529 2552 id

223 2580 346 2644 quod
378 2585 653 2650 suscepimus
684 2584 730 2631 in
757 2584 957 2632 ordinem
989 2596 1030 2632 et
1064 2584 1339 2632 artificiosius
1364 2583 1527 2630 dictum
