<?xml version="1.0" encoding="UTF-8"?>
<!DOCTYPE html PUBLIC "-//W3C//DTD XHTML 1.0 Transitional//EN"
    "http://www.w3.org/TR/xhtml1/DTD/xhtml1-transitional.dtd">
<html xmlns="http://www.w3.org/1999/xhtml" xml:lang="en" lang="en">
 <head>
  <title>
</title>
<meta http-equiv="Content-Type" content="text/html;charset=utf-8" />
  <meta name='ocr-system' content='tesseract 3.04.00' />
  <meta name='ocr-capabilities' content='ocr_page ocr_carea ocr_par ocr_line ocrx_word'/>
</head>
<body>
  <div class='ocr_page' id='page_1' title='image "./ibycirheginicarm00schnuoft_0199.png"; bbox 0 0 1677 3059; ppageno 0'>
   <div class='ocr_carea' id='block_1_1' title="bbox 535 198 968 245">
    <p class='ocr_par' dir='ltr' id='par_1_1' title="bbox 535 198 968 245">
     <span class='ocr_line' id='line_1_1' title="bbox 535 198 968 245; baseline 0.005 -1"><span class='ocrx_word' id='word_1_1' title='bbox 535 198 968 245; x_wconf 84' lang='lat'>-169—</span> 
     </span>
    </p>
   </div>
   <div class='ocr_carea' id='block_1_2' title="bbox 97 338 1410 2675">
    <p class='ocr_par' dir='ltr' id='par_1_2' title="bbox 97 338 1410 2675">
     <span class='ocr_line' id='line_1_2' title="bbox 209 338 1402 386; baseline 0.008 -9"><span class='ocrx_word' id='word_1_2' title='bbox 209 339 296 378; x_wconf 84' lang='lat' dir='ltr'><strong>Jam</strong></span> <span class='ocrx_word' id='word_1_3' title='bbox 331 338 392 379; x_wconf 86' lang='lat' dir='ltr'><strong>his</strong></span> <span class='ocrx_word' id='word_1_4' title='bbox 419 339 472 378; x_wconf 87' lang='lat' dir='ltr'><strong>ita</strong></span> <span class='ocrx_word' id='word_1_5' title='bbox 500 338 721 379; x_wconf 88' lang='lat' dir='ltr'><strong>constitutis</strong></span> <span class='ocrx_word' id='word_1_6' title='bbox 757 338 981 378; x_wconf 84' lang='lat' dir='ltr'>medicinam</span> <span class='ocrx_word' id='word_1_7' title='bbox 1010 340 1134 380; x_wconf 85' lang='lat' dir='ltr'><strong>facere</strong></span> <span class='ocrx_word' id='word_1_8' title='bbox 1162 344 1402 386; x_wconf 78' lang='lat' dir='ltr'><strong>studebimus</strong></span> 
     </span>
     <span class='ocr_line' id='line_1_3' title="bbox 101 406 1402 463; baseline 0.005 -15"><span class='ocrx_word' id='word_1_9' title='bbox 101 406 272 448; x_wconf 68' lang='lat' dir='ltr'><strong>mirificis</strong></span> <span class='ocrx_word' id='word_1_10' title='bbox 308 407 392 448; x_wconf 75' lang='lat' dir='ltr'><strong>istis</strong></span> <span class='ocrx_word' id='word_1_11' title='bbox 422 408 578 448; x_wconf 81' lang='lat' dir='ltr'><strong>verbiS:</strong></span> <span class='ocrx_word' id='word_1_12' title='bbox 620 410 752 455; x_wconf 78' lang='grc' dir='ltr'><em>ἐδεήθη</em></span> <span class='ocrx_word' id='word_1_13' title='bbox 779 412 846 459; x_wconf 75' lang='grc' dir='ltr'><strong>γάρ</strong></span> <span class='ocrx_word' id='word_1_14' title='bbox 873 413 909 447; x_wconf 79' lang='grc' dir='ltr'><strong>ἔν</strong></span> <span class='ocrx_word' id='word_1_15' title='bbox 934 427 995 447; x_wconf 71' lang='grc' dir='ltr'><em>τινι</em></span> <span class='ocrx_word' id='word_1_16' title='bbox 1024 416 1181 463; x_wconf 79' lang='grc' dir='ltr'><strong><em>πετραίῳ.</em></strong></span> <span class='ocrx_word' id='word_1_17' title='bbox 1250 413 1305 453; x_wconf 84' lang='lat' dir='ltr'><strong>Ea</strong></span> <span class='ocrx_word' id='word_1_18' title='bbox 1329 429 1402 455; x_wconf 85' lang='lat' dir='ltr'><strong>nos</strong></span> 
     </span>
     <span class='ocr_line' id='line_1_4' title="bbox 101 477 1403 534; baseline 0.005 -18"><span class='ocrx_word' id='word_1_19' title='bbox 101 477 307 522; x_wconf 82' lang='lat' dir='ltr'><strong>adventitia</strong></span> <span class='ocrx_word' id='word_1_20' title='bbox 328 492 544 527; x_wconf 84' lang='lat' dir='ltr'><strong>censemus,</strong></span> <span class='ocrx_word' id='word_1_21' title='bbox 572 491 650 516; x_wconf 91' lang='lat' dir='ltr'><strong>non</strong></span> <span class='ocrx_word' id='word_1_22' title='bbox 673 491 720 517; x_wconf 77' lang='lat' dir='ltr'><strong>ex</strong></span> <span class='ocrx_word' id='word_1_23' title='bbox 747 478 847 517; x_wconf 88' lang='lat' dir='ltr'><strong>ludis</strong></span> <span class='ocrx_word' id='word_1_24' title='bbox 873 478 1000 518; x_wconf 84' lang='lat' dir='ltr'>Peliae</span> <span class='ocrx_word' id='word_1_25' title='bbox 1026 489 1213 534; x_wconf 81' lang='lat' dir='ltr'><strong>excerpta.</strong></span> <span class='ocrx_word' id='word_1_26' title='bbox 1264 484 1306 522; x_wconf 89' lang='lat' dir='ltr'><strong>In</strong></span> <span class='ocrx_word' id='word_1_27' title='bbox 1329 499 1403 523; x_wconf 91' lang='lat' dir='ltr'><strong>no-</strong></span> 
     </span>
     <span class='ocr_line' id='line_1_5' title="bbox 100 545 1404 601; baseline 0.008 -17"><span class='ocrx_word' id='word_1_28' title='bbox 100 545 296 586; x_wconf 89' lang='lat' dir='ltr'><strong>bilissimis</strong></span> <span class='ocrx_word' id='word_1_29' title='bbox 334 547 435 586; x_wconf 87' lang='lat' dir='ltr'><strong>enim</strong></span> <span class='ocrx_word' id='word_1_30' title='bbox 463 547 701 586; x_wconf 84' lang='lat' dir='ltr'><strong>Himerensis</strong></span> <span class='ocrx_word' id='word_1_31' title='bbox 736 556 875 601; x_wconf 80' lang='lat' dir='ltr'><strong>poetae</strong></span> <span class='ocrx_word' id='word_1_32' title='bbox 900 548 1034 598; x_wconf 79' lang='grc' dir='ltr'><strong>ᾄσμασι</strong></span> <span class='ocrx_word' id='word_1_33' title='bbox 1065 550 1293 591; x_wconf 77' lang='lat' dir='ltr'><strong>censebatur</strong></span> <span class='ocrx_word' id='word_1_34' title='bbox 1322 554 1404 594; x_wconf 87' lang='lat' dir='ltr'><strong>Ge-</strong></span> 
     </span>
     <span class='ocr_line' id='line_1_6' title="bbox 101 615 1403 671; baseline 0.006 -17"><span class='ocrx_word' id='word_1_35' title='bbox 101 615 288 670; x_wconf 73' lang='lat' dir='ltr'><strong>ryoneis‚</strong></span> <span class='ocrx_word' id='word_1_36' title='bbox 339 631 413 669; x_wconf 89' lang='lat' dir='ltr'><strong>qua</strong></span> <span class='ocrx_word' id='word_1_37' title='bbox 443 617 622 656; x_wconf 89' lang='lat' dir='ltr'><strong>Herculis</strong></span> <span class='ocrx_word' id='word_1_38' title='bbox 649 615 690 654; x_wconf 91' lang='lat' dir='ltr'><strong>in</strong></span> <span class='ocrx_word' id='word_1_39' title='bbox 726 616 952 671; x_wconf 79' lang='lat' dir='ltr'><strong>Geryonem</strong></span> <span class='ocrx_word' id='word_1_40' title='bbox 988 618 1272 670; x_wconf 82' lang='lat' dir='ltr'><strong>expeditionem</strong></span> <span class='ocrx_word' id='word_1_41' title='bbox 1301 622 1403 662; x_wconf 89' lang='lat' dir='ltr'><strong>cele-</strong></span> 
     </span>
     <span class='ocr_line' id='line_1_7' title="bbox 101 682 1404 739; baseline 0.008 -18"><span class='ocrx_word' id='word_1_42' title='bbox 101 682 240 723; x_wconf 88' lang='lat' dir='ltr'><strong>brarat.</strong></span> <span class='ocrx_word' id='word_1_43' title='bbox 296 685 355 724; x_wconf 91' lang='lat' dir='ltr'><strong>De</strong></span> <span class='ocrx_word' id='word_1_44' title='bbox 383 700 456 738; x_wconf 90' lang='lat' dir='ltr'><strong>qua</strong></span> <span class='ocrx_word' id='word_1_45' title='bbox 483 686 535 725; x_wconf 88' lang='lat' dir='ltr'><strong>ita</strong></span> <span class='ocrx_word' id='word_1_46' title='bbox 559 685 694 725; x_wconf 85' lang='lat' dir='ltr'><strong>scribit</strong></span> <span class='ocrx_word' id='word_1_47' title='bbox 724 685 863 725; x_wconf 84' lang='lat' dir='ltr'><strong>Strabo</strong></span> <span class='ocrx_word' id='word_1_48' title='bbox 893 686 954 724; x_wconf 90' lang='lat'><em>111.</em></span> <span class='ocrx_word' id='word_1_49' title='bbox 985 701 1021 739; x_wconf 88' lang='lat' dir='ltr'><strong>p.</strong></span> <span class='ocrx_word' id='word_1_50' title='bbox 1055 691 1143 726; x_wconf 76' lang='lat'>148.</span> <span class='ocrx_word' id='word_1_51' title='bbox 1174 688 1218 728; x_wconf 88' lang='lat' dir='ltr'><strong>C.</strong></span> <span class='ocrx_word' id='word_1_52' title='bbox 1244 691 1404 731; x_wconf 80' lang='grc' dir='ltr'><strong>Ἐοίκασι</strong></span> 
     </span>
     <span class='ocr_line' id='line_1_8' title="bbox 101 756 1405 811; baseline 0.007 -19"><span class='ocrx_word' id='word_1_53' title='bbox 101 757 139 792; x_wconf 80' lang='grc' dir='ltr'><strong>δὲ</strong></span> <span class='ocrx_word' id='word_1_54' title='bbox 167 760 203 792; x_wconf 80' lang='lat' dir='ltr'><strong>oi</strong></span> <span class='ocrx_word' id='word_1_55' title='bbox 227 760 369 794; x_wconf 79' lang='grc' dir='ltr'><em>παλαιοὶ</em></span> <span class='ocrx_word' id='word_1_56' title='bbox 395 761 510 794; x_wconf 78' lang='grc' dir='ltr'><strong><em>καλεῖυ</em></strong></span> <span class='ocrx_word' id='word_1_57' title='bbox 543 758 601 794; x_wconf 73' lang='grc' dir='ltr'><strong>τὸν</strong></span> <span class='ocrx_word' id='word_1_58' title='bbox 628 762 747 793; x_wconf 68' lang='grc' dir='ltr'><em>Βαῖτιν</em></span> <span class='ocrx_word' id='word_1_59' title='bbox 779 756 988 804; x_wconf 78' lang='grc' dir='ltr'>Ταρτησσόν.</span> <span class='ocrx_word' id='word_1_60' title='bbox 1039 758 1080 793; x_wconf 76' lang='grc' dir='ltr'><strong>τὰ</strong></span> <span class='ocrx_word' id='word_1_61' title='bbox 1107 761 1144 794; x_wconf 78' lang='grc' dir='ltr'><strong>δὲ</strong></span> <span class='ocrx_word' id='word_1_62' title='bbox 1173 761 1320 811; x_wconf 77' lang='grc' dir='ltr'><em>Γάδειρα</em></span> <span class='ocrx_word' id='word_1_63' title='bbox 1347 770 1405 801; x_wconf 79' lang='grc' dir='ltr'><strong>καὶ</strong></span> 
     </span>
     <span class='ocr_line' id='line_1_9' title="bbox 100 824 1404 881; baseline 0.005 -21"><span class='ocrx_word' id='word_1_64' title='bbox 100 824 160 868; x_wconf 67' lang='lat' dir='ltr'><strong>wig</strong></span> <span class='ocrx_word' id='word_1_65' title='bbox 186 826 271 875; x_wconf 76' lang='grc' dir='ltr'><strong><em>πρός</em></strong></span> <span class='ocrx_word' id='word_1_66' title='bbox 299 825 405 871; x_wconf 74' lang='grc' dir='ltr'><em>αὐτήν</em></span> <span class='ocrx_word' id='word_1_67' title='bbox 435 825 564 871; x_wconf 74' lang='grc' dir='ltr'>νήσους</span> <span class='ocrx_word' id='word_1_68' title='bbox 589 825 793 875; x_wconf 77' lang='grc' dir='ltr'><strong><em>Ἐρυθείαν.</em></strong></span> <span class='ocrx_word' id='word_1_69' title='bbox 833 824 952 876; x_wconf 81' lang='grc' dir='ltr'><em>διόπερ</em></span> <span class='ocrx_word' id='word_1_70' title='bbox 983 825 1089 869; x_wconf 80' lang='grc' dir='ltr'><em>οὕτως</em></span> <span class='ocrx_word' id='word_1_71' title='bbox 1117 831 1221 865; x_wconf 60' lang='lat' dir='ltr'><strong>sineru</strong></span> <span class='ocrx_word' id='word_1_72' title='bbox 1247 831 1404 881; x_wconf 66' lang='grc' dir='ltr'><em>ὑπολαμ-</em></span> 
     </span>
     <span class='ocr_line' id='line_1_10' title="bbox 98 893 1405 947; baseline 0.005 -17"><span class='ocrx_word' id='word_1_73' title='bbox 98 894 244 942; x_wconf 68' lang='grc' dir='ltr'><strong>βάνουσι</strong></span> <span class='ocrx_word' id='word_1_74' title='bbox 278 898 501 944; x_wconf 71' lang='grc' dir='ltr'>Στησίχορον</span> <span class='ocrx_word' id='word_1_75' title='bbox 529 899 603 944; x_wconf 76' lang='grc' dir='ltr'><strong>περὶ</strong></span> <span class='ocrx_word' id='word_1_76' title='bbox 628 896 690 931; x_wconf 84' lang='grc' dir='ltr'><strong>τοῦ</strong></span> <span class='ocrx_word' id='word_1_77' title='bbox 727 893 900 943; x_wconf 69' lang='grc' dir='ltr'>Γηρυόνος</span> <span class='ocrx_word' id='word_1_78' title='bbox 927 895 1137 942; x_wconf 76' lang='grc' dir='ltr'><strong><em>βουκολιόυ·</em></strong></span> <span class='ocrx_word' id='word_1_79' title='bbox 1177 898 1264 936; x_wconf 76' lang='grc' dir='ltr'><em>διότι</em></span> <span class='ocrx_word' id='word_1_80' title='bbox 1289 914 1405 947; x_wconf 74' lang='grc' dir='ltr'><em>γεννη-</em></span> 
     </span>
     <span class='ocr_line' id='line_1_11' title="bbox 99 963 1408 1017; baseline 0.005 -18"><span class='ocrx_word' id='word_1_81' title='bbox 99 966 180 1008; x_wconf 79' lang='grc' dir='ltr'><strong><em>θείη</em></strong></span> <span class='ocrx_word' id='word_1_82' title='bbox 217 963 343 1008; x_wconf 70' lang='grc' dir='ltr'>σχεδόν</span> <span class='ocrx_word' id='word_1_83' title='bbox 376 963 556 1012; x_wconf 71' lang='grc' dir='ltr'><em>ἀντιπέραι’</em></span> <span class='ocrx_word' id='word_1_84' title='bbox 590 964 720 1005; x_wconf 79' lang='grc' dir='ltr'><em>κλεινᾶς</em></span> <span class='ocrx_word' id='word_1_85' title='bbox 756 963 968 1013; x_wconf 75' lang='grc' dir='ltr'><em>Ἐρυθείας,</em></span> <span class='ocrx_word' id='word_1_86' title='bbox 1024 969 1225 1013; x_wconf 75' lang='grc' dir='ltr'><em>Ταρτησσοῦ</em></span> <span class='ocrx_word' id='word_1_87' title='bbox 1250 968 1408 1017; x_wconf 72' lang='grc' dir='ltr'><em>ποταμοῦ</em></span> 
     </span>
     <span class='ocr_line' id='line_1_12' title="bbox 97 1030 1404 1086; baseline 0.005 -17"><span class='ocrx_word' id='word_1_88' title='bbox 97 1034 191 1082; x_wconf 77' lang='grc' dir='ltr'><em>παρὰ</em></span> <span class='ocrx_word' id='word_1_89' title='bbox 219 1033 332 1080; x_wconf 71' lang='grc' dir='ltr'><em>παγεὶς</em></span> <span class='ocrx_word' id='word_1_90' title='bbox 361 1033 543 1083; x_wconf 69' lang='grc' dir='ltr'><strong><em>ἀπείρονας</em></strong></span> <span class='ocrx_word' id='word_1_91' title='bbox 570 1030 840 1081; x_wconf 74' lang='grc' dir='ltr'><em>ἇργυρορίζους,</em></span> <span class='ocrx_word' id='word_1_92' title='bbox 878 1035 912 1068; x_wconf 70' lang='grc' dir='ltr'><strong>ἐν</strong></span> <span class='ocrx_word' id='word_1_93' title='bbox 941 1032 1151 1079; x_wconf 47' lang='lat' dir='ltr'><strong>neemanim»</strong></span> <span class='ocrx_word' id='word_1_94' title='bbox 1177 1039 1334 1086; x_wconf 75' lang='grc' dir='ltr'><strong>πέτραις,</strong></span> <span class='ocrx_word' id='word_1_95' title='bbox 1368 1053 1404 1076; x_wconf 86' lang='lat' dir='ltr'><strong>v.</strong></span> 
     </span>
     <span class='ocr_line' id='line_1_13' title="bbox 97 1097 1403 1153; baseline 0.005 -17"><span class='ocrx_word' id='word_1_96' title='bbox 97 1097 221 1138; x_wconf 86' lang='lat' dir='ltr'><strong>Klein.</strong></span> <span class='ocrx_word' id='word_1_97' title='bbox 258 1100 368 1153; x_wconf 82' lang='lat' dir='ltr'><strong>srgm.</strong></span> <span class='ocrx_word' id='word_1_98' title='bbox 397 1102 445 1138; x_wconf 90' lang='lat' dir='ltr'><strong>V.</strong></span> <span class='ocrx_word' id='word_1_99' title='bbox 514 1102 555 1138; x_wconf 90' lang='lat' dir='ltr'><strong>ln</strong></span> <span class='ocrx_word' id='word_1_100' title='bbox 584 1108 722 1153; x_wconf 85' lang='lat' dir='ltr'><strong>poetae</strong></span> <span class='ocrx_word' id='word_1_101' title='bbox 759 1100 887 1139; x_wconf 76' lang='lat' dir='ltr'><strong>verbis</strong></span> <span class='ocrx_word' id='word_1_102' title='bbox 918 1102 1005 1138; x_wconf 78' lang='grc' dir='ltr'><em>ὃιόιι</em></span> <span class='ocrx_word' id='word_1_103' title='bbox 1042 1115 1166 1153; x_wconf 90' lang='lat' dir='ltr'><strong>neque</strong></span> <span class='ocrx_word' id='word_1_104' title='bbox 1201 1104 1403 1145; x_wconf 77' lang='lat' dir='ltr'><strong>Strabonis</strong></span> 
     </span>
     <span class='ocr_line' id='line_1_14' title="bbox 99 1167 1406 1225; baseline 0.006 -20"><span class='ocrx_word' id='word_1_105' title='bbox 99 1175 229 1220; x_wconf 85' lang='lat' dir='ltr'><strong>potest</strong></span> <span class='ocrx_word' id='word_1_106' title='bbox 267 1183 351 1207; x_wconf 88' lang='lat' dir='ltr'><strong>esse</strong></span> <span class='ocrx_word' id='word_1_107' title='bbox 380 1183 505 1221; x_wconf 89' lang='lat' dir='ltr'><strong>neque</strong></span> <span class='ocrx_word' id='word_1_108' title='bbox 542 1167 778 1207; x_wconf 79' lang='lat' dir='ltr'><strong>Stesichori:</strong></span> <span class='ocrx_word' id='word_1_109' title='bbox 826 1169 892 1220; x_wconf 92' lang='lat' dir='ltr'><strong>qui</strong></span> <span class='ocrx_word' id='word_1_110' title='bbox 920 1183 1136 1208; x_wconf 87' lang='lat' dir='ltr'><strong>sermonem</strong></span> <span class='ocrx_word' id='word_1_111' title='bbox 1172 1185 1192 1209; x_wconf 88' lang='lat' dir='ltr'><strong>a</strong></span> <span class='ocrx_word' id='word_1_112' title='bbox 1222 1174 1406 1225; x_wconf 86' lang='lat' dir='ltr'><strong>particula</strong></span> 
     </span>
     <span class='ocr_line' id='line_1_15' title="bbox 100 1237 1406 1290; baseline 0.005 -16"><span class='ocrx_word' id='word_1_113' title='bbox 100 1244 228 1288; x_wconf 85' lang='lat' dir='ltr'><strong>aptum</strong></span> <span class='ocrx_word' id='word_1_114' title='bbox 257 1237 476 1287; x_wconf 87' lang='lat' dir='ltr'><strong>censebant,</strong></span> <span class='ocrx_word' id='word_1_115' title='bbox 507 1238 720 1290; x_wconf 87' lang='lat' dir='ltr'><strong>optativum</strong></span> <span class='ocrx_word' id='word_1_116' title='bbox 741 1237 995 1289; x_wconf 80' lang='lat' dir='ltr'><strong>scripserunt,</strong></span> <span class='ocrx_word' id='word_1_117' title='bbox 1023 1239 1124 1277; x_wconf 90' lang='lat' dir='ltr'><strong>unde</strong></span> <span class='ocrx_word' id='word_1_118' title='bbox 1153 1247 1282 1278; x_wconf 87' lang='lat' dir='ltr'><strong>ortum</strong></span> <span class='ocrx_word' id='word_1_119' title='bbox 1310 1242 1406 1281; x_wconf 86' lang='lat' dir='ltr'><strong>alio-</strong></span> 
     </span>
     <span class='ocr_line' id='line_1_16' title="bbox 100 1305 1406 1366; baseline 0.006 -24"><span class='ocrx_word' id='word_1_120' title='bbox 100 1319 186 1343; x_wconf 91' lang='lat' dir='ltr'><strong>rum</strong></span> <span class='ocrx_word' id='word_1_121' title='bbox 210 1311 399 1354; x_wconf 62' lang='grc' dir='ltr'><strong>γειννηθείς.</strong></span> <span class='ocrx_word' id='word_1_122' title='bbox 455 1309 556 1346; x_wconf 88' lang='lat' dir='ltr'><strong>Vera</strong></span> <span class='ocrx_word' id='word_1_123' title='bbox 583 1307 772 1360; x_wconf 86' lang='lat' dir='ltr'><strong>scriptura</strong></span> <span class='ocrx_word' id='word_1_124' title='bbox 792 1315 850 1345; x_wconf 87' lang='lat' dir='ltr'><strong>est</strong></span> <span class='ocrx_word' id='word_1_125' title='bbox 878 1305 917 1344; x_wconf 89' lang='lat' dir='ltr'><strong>in</strong></span> <span class='ocrx_word' id='word_1_126' title='bbox 945 1320 1056 1358; x_wconf 88' lang='lat' dir='ltr'><strong>quam</strong></span> <span class='ocrx_word' id='word_1_127' title='bbox 1079 1307 1214 1346; x_wconf 85' lang='lat' dir='ltr'><strong>incidit</strong></span> <span class='ocrx_word' id='word_1_128' title='bbox 1235 1310 1406 1366; x_wconf 78' lang='lat' dir='ltr'><strong>Heringa</strong></span> 
     </span>
     <span class='ocr_line' id='line_1_17' title="bbox 102 1373 1404 1431; baseline 0.005 -19"><span class='ocrx_word' id='word_1_129' title='bbox 102 1373 308 1413; x_wconf 86' lang='lat' dir='ltr'><strong>observatt.</strong></span> <span class='ocrx_word' id='word_1_130' title='bbox 337 1390 373 1428; x_wconf 85' lang='lat' dir='ltr'><strong>p.</strong></span> <span class='ocrx_word' id='word_1_131' title='bbox 403 1381 491 1415; x_wconf 85' lang='lat'>303.</span> <span class='ocrx_word' id='word_1_132' title='bbox 520 1378 686 1426; x_wconf 73' lang='grc' dir='ltr'><strong>γεωιήθη.</strong></span> <span class='ocrx_word' id='word_1_133' title='bbox 763 1376 802 1414; x_wconf 93' lang='lat' dir='ltr'><strong>ld</strong></span> <span class='ocrx_word' id='word_1_134' title='bbox 832 1375 936 1427; x_wconf 89' lang='lat' dir='ltr'><strong>quod</strong></span> <span class='ocrx_word' id='word_1_135' title='bbox 966 1383 1004 1414; x_wconf 89' lang='lat' dir='ltr'><strong>et</strong></span> <span class='ocrx_word' id='word_1_136' title='bbox 1042 1391 1103 1415; x_wconf 89' lang='lat' dir='ltr'><strong>res</strong></span> <span class='ocrx_word' id='word_1_137' title='bbox 1134 1376 1216 1428; x_wconf 87' lang='lat' dir='ltr'><strong>ipsa</strong></span> <span class='ocrx_word' id='word_1_138' title='bbox 1245 1376 1404 1431; x_wconf 77' lang='lat' dir='ltr'><strong>flagitat,</strong></span> 
     </span>
     <span class='ocr_line' id='line_1_18' title="bbox 102 1443 1403 1503; baseline 0.005 -22"><span class='ocrx_word' id='word_1_139' title='bbox 102 1443 196 1496; x_wconf 89' lang='lat' dir='ltr'><strong>(nisi</strong></span> <span class='ocrx_word' id='word_1_140' title='bbox 224 1443 264 1482; x_wconf 87' lang='lat' dir='ltr'><strong>in</strong></span> <span class='ocrx_word' id='word_1_141' title='bbox 291 1447 461 1490; x_wconf 78' lang='grc' dir='ltr'>σχεδόν</span> <span class='ocrx_word' id='word_1_142' title='bbox 487 1459 583 1484; x_wconf 75' lang='lat' dir='ltr'><strong>voce</strong></span> <span class='ocrx_word' id='word_1_143' title='bbox 611 1444 771 1483; x_wconf 86' lang='lat' dir='ltr'><strong>verbum</strong></span> <span class='ocrx_word' id='word_1_144' title='bbox 800 1445 951 1483; x_wconf 86' lang='lat' dir='ltr'><strong>finitum</strong></span> <span class='ocrx_word' id='word_1_145' title='bbox 976 1444 1102 1493; x_wconf 75' lang='lat' dir='ltr'><strong>lateat,</strong></span> <span class='ocrx_word' id='word_1_146' title='bbox 1137 1454 1181 1484; x_wconf 87' lang='lat' dir='ltr'><strong>ut</strong></span> <span class='ocrx_word' id='word_1_147' title='bbox 1207 1448 1403 1503; x_wconf 72' lang='grc' dir='ltr'>σχέθεν)</span> 
     </span>
     <span class='ocr_line' id='line_1_19' title="bbox 101 1513 1405 1566; baseline 0.005 -16"><span class='ocrx_word' id='word_1_148' title='bbox 101 1521 161 1562; x_wconf 83' lang='lat' dir='ltr'><strong>et,</strong></span> <span class='ocrx_word' id='word_1_149' title='bbox 190 1521 235 1552; x_wconf 87' lang='lat' dir='ltr'><strong>ut</strong></span> <span class='ocrx_word' id='word_1_150' title='bbox 260 1521 382 1566; x_wconf 86' lang='lat' dir='ltr'><strong>puto,</strong></span> <span class='ocrx_word' id='word_1_151' title='bbox 425 1514 563 1552; x_wconf 89' lang='lat' dir='ltr'><strong>doctus</strong></span> <span class='ocrx_word' id='word_1_152' title='bbox 597 1513 758 1552; x_wconf 87' lang='lat' dir='ltr'><strong>Zenobii</strong></span> <span class='ocrx_word' id='word_1_153' title='bbox 785 1513 1042 1566; x_wconf 84' lang='lat' dir='ltr'><strong>interpolator</strong></span> <span class='ocrx_word' id='word_1_154' title='bbox 1070 1514 1229 1566; x_wconf 82' lang='lat' dir='ltr'><strong>pulchre</strong></span> <span class='ocrx_word' id='word_1_155' title='bbox 1260 1519 1405 1556; x_wconf 85' lang='lat' dir='ltr'><strong>confir-</strong></span> 
     </span>
     <span class='ocr_line' id='line_1_20' title="bbox 100 1581 1404 1634; baseline 0.007 -16"><span class='ocrx_word' id='word_1_156' title='bbox 100 1589 186 1619; x_wconf 84' lang='lat' dir='ltr'><strong>mat.</strong></span> <span class='ocrx_word' id='word_1_157' title='bbox 242 1583 277 1620; x_wconf 90' lang='lat' dir='ltr'><strong>ls</strong></span> <span class='ocrx_word' id='word_1_158' title='bbox 308 1582 406 1620; x_wconf 90' lang='lat' dir='ltr'><strong>enim</strong></span> <span class='ocrx_word' id='word_1_159' title='bbox 437 1597 553 1634; x_wconf 89' lang='lat' dir='ltr'><strong>quum</strong></span> <span class='ocrx_word' id='word_1_160' title='bbox 577 1582 675 1634; x_wconf 88' lang='lat' dir='ltr'><strong>apud</strong></span> <span class='ocrx_word' id='word_1_161' title='bbox 704 1581 918 1621; x_wconf 86' lang='lat' dir='ltr'><strong>Zenobium</strong></span> <span class='ocrx_word' id='word_1_162' title='bbox 947 1583 1212 1623; x_wconf 80' lang='lat' dir='ltr'><strong>Stesichorum</strong></span> <span class='ocrx_word' id='word_1_163' title='bbox 1236 1600 1404 1627; x_wconf 85' lang='lat' dir='ltr'><strong>comme-</strong></span> 
     </span>
     <span class='ocr_line' id='line_1_21' title="bbox 100 1650 1405 1705; baseline 0.005 -17"><span class='ocrx_word' id='word_1_164' title='bbox 100 1657 291 1689; x_wconf 87' lang='lat' dir='ltr'><strong>moratum</strong></span> <span class='ocrx_word' id='word_1_165' title='bbox 318 1650 502 1698; x_wconf 77' lang='lat' dir='ltr'><strong>vidisset,</strong></span> <span class='ocrx_word' id='word_1_166' title='bbox 546 1651 697 1700; x_wconf 81' lang='lat' dir='ltr'><strong>statim,</strong></span> <span class='ocrx_word' id='word_1_167' title='bbox 736 1665 786 1690; x_wconf 89' lang='lat' dir='ltr'><strong>ne</strong></span> <span class='ocrx_word' id='word_1_168' title='bbox 823 1651 871 1690; x_wconf 92' lang='lat' dir='ltr'><strong>de</strong></span> <span class='ocrx_word' id='word_1_169' title='bbox 907 1659 1035 1691; x_wconf 88' lang='lat' dir='ltr'><strong>mente</strong></span> <span class='ocrx_word' id='word_1_170' title='bbox 1063 1652 1326 1705; x_wconf 75' lang='lat' dir='ltr'><strong>elaberentur,</strong></span> <span class='ocrx_word' id='word_1_171' title='bbox 1364 1657 1405 1696; x_wconf 86' lang='lat' dir='ltr'><strong>in</strong></span> 
     </span>
     <span class='ocr_line' id='line_1_22' title="bbox 100 1719 1404 1779; baseline 0.007 -23"><span class='ocrx_word' id='word_1_172' title='bbox 100 1719 270 1773; x_wconf 79' lang='lat' dir='ltr'><strong>margine</strong></span> <span class='ocrx_word' id='word_1_173' title='bbox 296 1719 458 1772; x_wconf 89' lang='lat' dir='ltr'><strong>exempli</strong></span> <span class='ocrx_word' id='word_1_174' title='bbox 485 1719 627 1769; x_wconf 78' lang='lat' dir='ltr'><strong>allevit,</strong></span> <span class='ocrx_word' id='word_1_175' title='bbox 657 1734 752 1772; x_wconf 89' lang='lat' dir='ltr'><strong>quae</strong></span> <span class='ocrx_word' id='word_1_176' title='bbox 780 1734 826 1759; x_wconf 87' lang='lat' dir='ltr'><strong>ex</strong></span> <span class='ocrx_word' id='word_1_177' title='bbox 849 1721 1099 1776; x_wconf 68' lang='lat' dir='ltr'><strong>Geryoneide</strong></span> <span class='ocrx_word' id='word_1_178' title='bbox 1118 1723 1288 1776; x_wconf 87' lang='lat' dir='ltr'><strong>ejusdem</strong></span> <span class='ocrx_word' id='word_1_179' title='bbox 1309 1741 1404 1779; x_wconf 85' lang='lat' dir='ltr'><strong>poe-</strong></span> 
     </span>
     <span class='ocr_line' id='line_1_23' title="bbox 100 1788 1404 1844; baseline 0.007 -18"><span class='ocrx_word' id='word_1_180' title='bbox 100 1796 160 1826; x_wconf 87' lang='lat' dir='ltr'><strong>tae</strong></span> <span class='ocrx_word' id='word_1_181' title='bbox 187 1788 327 1827; x_wconf 89' lang='lat' dir='ltr'><strong>Strabo</strong></span> <span class='ocrx_word' id='word_1_182' title='bbox 356 1789 478 1838; x_wconf 83' lang='lat' dir='ltr'><strong>duxit,</strong></span> <span class='ocrx_word' id='word_1_183' title='bbox 507 1803 586 1828; x_wconf 92' lang='lat' dir='ltr'><strong>non</strong></span> <span class='ocrx_word' id='word_1_184' title='bbox 615 1789 763 1844; x_wconf 77' lang='lat' dir='ltr'><strong>integra</strong></span> <span class='ocrx_word' id='word_1_185' title='bbox 790 1789 852 1828; x_wconf 87' lang='lat' dir='ltr'><strong>illa</strong></span> <span class='ocrx_word' id='word_1_186' title='bbox 880 1790 947 1827; x_wconf 89' lang='lat' dir='ltr'><strong>sed</strong></span> <span class='ocrx_word' id='word_1_187' title='bbox 976 1804 1052 1841; x_wconf 87' lang='lat' dir='ltr'><strong>quo</strong></span> <span class='ocrx_word' id='word_1_188' title='bbox 1081 1794 1284 1833; x_wconf 87' lang='lat' dir='ltr'><strong>memoriae</strong></span> <span class='ocrx_word' id='word_1_189' title='bbox 1315 1810 1404 1835; x_wconf 89' lang='lat' dir='ltr'><strong>suc-</strong></span> 
     </span>
     <span class='ocr_line' id='line_1_24' title="bbox 102 1857 1402 1914; baseline 0.006 -19"><span class='ocrx_word' id='word_1_190' title='bbox 102 1865 277 1896; x_wconf 88' lang='lat' dir='ltr'><strong>curreret</strong></span> <span class='ocrx_word' id='word_1_191' title='bbox 306 1865 344 1896; x_wconf 89' lang='lat' dir='ltr'><strong>et</strong></span> <span class='ocrx_word' id='word_1_192' title='bbox 369 1857 522 1896; x_wconf 89' lang='lat' dir='ltr'><strong>initium</strong></span> <span class='ocrx_word' id='word_1_193' title='bbox 554 1866 591 1897; x_wconf 90' lang='lat' dir='ltr'><strong>et</strong></span> <span class='ocrx_word' id='word_1_194' title='bbox 618 1858 773 1896; x_wconf 79' lang='lat' dir='ltr'><strong>exitum.</strong></span> <span class='ocrx_word' id='word_1_195' title='bbox 840 1859 1041 1911; x_wconf 85' lang='lat' dir='ltr'><strong>Reputatis</strong></span> <span class='ocrx_word' id='word_1_196' title='bbox 1074 1860 1193 1914; x_wconf 75' lang='lat' dir='ltr'><strong>igitur</strong></span> <span class='ocrx_word' id='word_1_197' title='bbox 1225 1864 1402 1903; x_wconf 89' lang='lat' dir='ltr'><strong>omnibus</strong></span> 
     </span>
     <span class='ocr_line' id='line_1_25' title="bbox 103 1924 1402 1984; baseline 0.005 -20"><span class='ocrx_word' id='word_1_198' title='bbox 103 1925 265 1964; x_wconf 89' lang='lat' dir='ltr'><strong>Zenobii</strong></span> <span class='ocrx_word' id='word_1_199' title='bbox 285 1924 487 1964; x_wconf 86' lang='lat' dir='ltr'><strong>articulum</strong></span> <span class='ocrx_word' id='word_1_200' title='bbox 506 1926 557 1964; x_wconf 85' lang='lat' dir='ltr'><strong>ita</strong></span> <span class='ocrx_word' id='word_1_201' title='bbox 576 1926 908 1966; x_wconf 87' lang='lat' dir='ltr'><strong>concinnavimus:</strong></span> <span class='ocrx_word' id='word_1_202' title='bbox 933 1936 1044 1980; x_wconf 79' lang='grc' dir='ltr'><em>Χειρ</em></span> <span class='ocrx_word' id='word_1_203' title='bbox 1057 1933 1221 1981; x_wconf 74' lang='grc' dir='ltr'><em>οβρῶτι</em></span> <span class='ocrx_word' id='word_1_204' title='bbox 1242 1936 1402 1984; x_wconf 71' lang='grc' dir='ltr'>δεσμῷ.</span> 
     </span>
     <span class='ocr_line' id='line_1_26' title="bbox 103 1998 1405 2047; baseline 0.007 -14"><span class='ocrx_word' id='word_1_205' title='bbox 103 2005 175 2040; x_wconf 80' lang='grc' dir='ltr'><strong><em>τοῖς</em></strong></span> <span class='ocrx_word' id='word_1_206' title='bbox 210 2004 386 2038; x_wconf 81' lang='grc' dir='ltr'><em>πυκτικοῖς</em></span> <span class='ocrx_word' id='word_1_207' title='bbox 413 1999 533 2044; x_wconf 76' lang='grc' dir='ltr'><strong>ἱμᾶσι.</strong></span> <span class='ocrx_word' id='word_1_208' title='bbox 576 1998 632 2034; x_wconf 80' lang='grc' dir='ltr'><strong>ὃιά</strong></span> <span class='ocrx_word' id='word_1_209' title='bbox 660 1998 696 2034; x_wconf 80' lang='grc' dir='ltr'><strong>τὸ</strong></span> <span class='ocrx_word' id='word_1_210' title='bbox 732 1998 791 2040; x_wconf 68' lang='grc' dir='ltr'><strong>τὰς</strong></span> <span class='ocrx_word' id='word_1_211' title='bbox 818 1998 947 2047; x_wconf 80' lang='grc' dir='ltr'>σάρκας</span> <span class='ocrx_word' id='word_1_212' title='bbox 985 2001 1174 2038; x_wconf 74' lang='grc' dir='ltr'><em>διακόπτειν</em></span> <span class='ocrx_word' id='word_1_213' title='bbox 1200 2009 1261 2041; x_wconf 84' lang='grc' dir='ltr'><strong>παὶ</strong></span> <span class='ocrx_word' id='word_1_214' title='bbox 1289 2004 1405 2041; x_wconf 75' lang='grc' dir='ltr'><em>ἀναλί-</em></span> 
     </span>
     <span class='ocr_line' id='line_1_27' title="bbox 105 2066 1400 2122; baseline 0.005 -21"><span class='ocrx_word' id='word_1_215' title='bbox 105 2081 206 2102; x_wconf 66' lang='grc' dir='ltr'><strong>σκειν.</strong></span> <span class='ocrx_word' id='word_1_216' title='bbox 250 2068 396 2114; x_wconf 71' lang='grc' dir='ltr'><strong>[βέλτιον</strong></span> <span class='ocrx_word' id='word_1_217' title='bbox 432 2066 559 2112; x_wconf 80' lang='grc' dir='ltr'>δεσμὸν</span> <span class='ocrx_word' id='word_1_218' title='bbox 589 2066 725 2104; x_wconf 73' lang='grc' dir='ltr'><em>ἀκούειν</em></span> <span class='ocrx_word' id='word_1_219' title='bbox 764 2068 820 2105; x_wconf 73' lang='grc' dir='ltr'><strong>τόν</strong></span> <span class='ocrx_word' id='word_1_220' title='bbox 856 2068 1161 2118; x_wconf 72' lang='grc' dir='ltr'><strong>ἀποβιβρώσκονῑα</strong></span> <span class='ocrx_word' id='word_1_221' title='bbox 1198 2073 1241 2109; x_wconf 79' lang='grc' dir='ltr'><strong>τώ</strong></span> <span class='ocrx_word' id='word_1_222' title='bbox 1277 2076 1400 2122; x_wconf 56' lang='lat' dir='ltr'><strong>stipa]</strong></span> 
     </span>
     <span class='ocr_line' id='line_1_28' title="bbox 109 2122 1405 2192; baseline 0.005 -23"><span class='ocrx_word' id='word_1_223' title='bbox 109 2131 294 2184; x_wconf 71' lang='grc' dir='ltr'>(ἐγεννήθη</span> <span class='ocrx_word' id='word_1_224' title='bbox 317 2122 409 2182; x_wconf 47' lang='grc' dir='ltr'><strong>ἦ,</strong></span> <span class='ocrx_word' id='word_1_225' title='bbox 439 2132 462 2170; x_wconf 84' lang='grc' dir='ltr'><strong>ἰ.</strong></span> <span class='ocrx_word' id='word_1_226' title='bbox 485 2147 515 2171; x_wconf 90' lang='lat' dir='ltr'><strong>e.</strong></span> <span class='ocrx_word' id='word_1_227' title='bbox 542 2136 736 2185; x_wconf 60' lang='grc' dir='ltr'><strong><em>γηρυόϊης,</em></strong></span> <span class='ocrx_word' id='word_1_228' title='bbox 769 2139 803 2173; x_wconf 79' lang='grc' dir='ltr'><strong>ἓν</strong></span> <span class='ocrx_word' id='word_1_229' title='bbox 830 2140 1004 2184; x_wconf 75' lang='grc' dir='ltr'><strong>κευθμῶνι</strong></span> <span class='ocrx_word' id='word_1_230' title='bbox 1030 2137 1214 2192; x_wconf 79' lang='grc' dir='ltr'><em>πετραίῳ)·</em></span> <span class='ocrx_word' id='word_1_231' title='bbox 1243 2147 1278 2178; x_wconf 89' lang='grc' dir='ltr'><em>Σ</em></span> <span class='ocrx_word' id='word_1_232' title='bbox 1287 2158 1332 2187; x_wconf 82' lang='grc' dir='ltr'><strong>τη</strong></span> <span class='ocrx_word' id='word_1_233' title='bbox 1345 2145 1405 2178; x_wconf 89' lang='grc' dir='ltr'>σί..</span> 
     </span>
     <span class='ocr_line' id='line_1_29' title="bbox 109 2203 1404 2263; baseline 0.008 -25"><span class='ocrx_word' id='word_1_234' title='bbox 109 2217 252 2252; x_wconf 78' lang='grc' dir='ltr'><em>χορος</em></span> <span class='ocrx_word' id='word_1_235' title='bbox 277 2206 320 2238; x_wconf 74' lang='grc' dir='ltr'><strong>ἐν</strong></span> <span class='ocrx_word' id='word_1_236' title='bbox 346 2203 466 2252; x_wconf 81' lang='grc' dir='ltr'><em>ἀρχῇ</em></span> <span class='ocrx_word' id='word_1_237' title='bbox 501 2207 580 2241; x_wconf 75' lang='grc' dir='ltr'><strong>τῶν</strong></span> <span class='ocrx_word' id='word_1_238' title='bbox 607 2209 679 2241; x_wconf 79' lang='grc' dir='ltr'><strong>ἐπὶ</strong></span> <span class='ocrx_word' id='word_1_239' title='bbox 717 2208 860 2253; x_wconf 79' lang='grc' dir='ltr'><strong><em>Πελίᾳ</em></strong></span> <span class='ocrx_word' id='word_1_240' title='bbox 885 2205 1054 2244; x_wconf 68' lang='grc' dir='ltr'><em>ἄθλων.</em></span> <span class='ocrx_word' id='word_1_241' title='bbox 1124 2208 1243 2257; x_wconf 82' lang='lat' dir='ltr'><strong>Quod</strong></span> <span class='ocrx_word' id='word_1_242' title='bbox 1271 2209 1404 2263; x_wconf 78' lang='lat' dir='ltr'><strong>vulga-</strong></span> 
     </span>
     <span class='ocr_line' id='line_1_30' title="bbox 108 2269 1406 2326; baseline 0.006 -18"><span class='ocrx_word' id='word_1_243' title='bbox 108 2277 191 2308; x_wconf 90' lang='lat' dir='ltr'><strong>tum</strong></span> <span class='ocrx_word' id='word_1_244' title='bbox 221 2277 303 2308; x_wconf 84' lang='lat' dir='ltr'><strong>erat</strong></span> <span class='ocrx_word' id='word_1_245' title='bbox 335 2269 376 2307; x_wconf 90' lang='lat' dir='ltr'><strong>in</strong></span> <span class='ocrx_word' id='word_1_246' title='bbox 404 2270 649 2312; x_wconf 86' lang='lat' dir='ltr'><strong>Stesichoriis</strong></span> <span class='ocrx_word' id='word_1_247' title='bbox 679 2278 714 2311; x_wconf 76' lang='grc' dir='ltr'><strong>ἐν</strong></span> <span class='ocrx_word' id='word_1_248' title='bbox 748 2275 956 2322; x_wconf 58' lang='grc' dir='ltr'><em>κευθ,ιιώι·ωιν</em></span> <span class='ocrx_word' id='word_1_249' title='bbox 990 2279 1125 2326; x_wconf 73' lang='grc' dir='ltr'><em>πέτραις</em></span> <span class='ocrx_word' id='word_1_250' title='bbox 1151 2277 1253 2316; x_wconf 83' lang='lat' dir='ltr'><strong>varie</strong></span> <span class='ocrx_word' id='word_1_251' title='bbox 1280 2285 1406 2316; x_wconf 87' lang='lat' dir='ltr'><strong>tenta-</strong></span> 
     </span>
     <span class='ocr_line' id='line_1_31' title="bbox 108 2339 1406 2395; baseline 0.005 -17"><span class='ocrx_word' id='word_1_252' title='bbox 108 2347 191 2378; x_wconf 72' lang='lat' dir='ltr'><strong>tum</strong></span> <span class='ocrx_word' id='word_1_253' title='bbox 221 2348 303 2388; x_wconf 75' lang='lat' dir='ltr'><strong>est,</strong></span> <span class='ocrx_word' id='word_1_254' title='bbox 341 2353 460 2390; x_wconf 87' lang='lat' dir='ltr'><strong>quum</strong></span> <span class='ocrx_word' id='word_1_255' title='bbox 487 2339 550 2378; x_wconf 69' lang='lat' dir='ltr'><strong>alii</strong></span> <span class='ocrx_word' id='word_1_256' title='bbox 575 2346 609 2379; x_wconf 80' lang='grc' dir='ltr'><strong>ἐν</strong></span> <span class='ocrx_word' id='word_1_257' title='bbox 635 2347 815 2392; x_wconf 77' lang='grc' dir='ltr'><strong>κευθμῶσι</strong></span> <span class='ocrx_word' id='word_1_258' title='bbox 843 2347 984 2394; x_wconf 64' lang='grc' dir='ltr'><strong>πετρῶν,</strong></span> <span class='ocrx_word' id='word_1_259' title='bbox 1011 2345 1074 2382; x_wconf 79' lang='lat' dir='ltr'><strong>alii</strong></span> <span class='ocrx_word' id='word_1_260' title='bbox 1099 2350 1132 2383; x_wconf 66' lang='grc' dir='ltr'><strong>εἰ]</strong></span> <span class='ocrx_word' id='word_1_261' title='bbox 1159 2350 1321 2395; x_wconf 44' lang='grc' dir='ltr'><strong>κευθμῶν</strong></span> <span class='ocrx_word' id='word_1_262' title='bbox 1347 2351 1406 2385; x_wconf 78' lang='grc' dir='ltr'><strong>πέ-</strong></span> 
     </span>
     <span class='ocr_line' id='line_1_32' title="bbox 109 2408 1406 2461; baseline 0.005 -14"><span class='ocrx_word' id='word_1_263' title='bbox 109 2426 203 2460; x_wconf 79' lang='grc' dir='ltr'><em>τρας</em></span> <span class='ocrx_word' id='word_1_264' title='bbox 231 2408 518 2461; x_wconf 86' lang='lat' dir='ltr'><strong>suspicarentur</strong></span> <span class='ocrx_word' id='word_1_265' title='bbox 547 2411 811 2457; x_wconf 84' lang='lat' dir='ltr'><strong>scribendun1;</strong></span> <span class='ocrx_word' id='word_1_266' title='bbox 850 2412 957 2451; x_wconf 88' lang='lat' dir='ltr'><strong>salso.</strong></span> <span class='ocrx_word' id='word_1_267' title='bbox 1023 2415 1196 2453; x_wconf 84' lang='lat' dir='ltr'><strong>Scintilla</strong></span> <span class='ocrx_word' id='word_1_268' title='bbox 1225 2415 1308 2453; x_wconf 69' lang='lat' dir='ltr'><strong>veri</strong></span> <span class='ocrx_word' id='word_1_269' title='bbox 1339 2416 1406 2454; x_wconf 85' lang='lat' dir='ltr'><strong>‹le-</strong></span> 
     </span>
     <span class='ocr_line' id='line_1_33' title="bbox 108 2477 1407 2535; baseline 0.004 -18"><span class='ocrx_word' id='word_1_270' title='bbox 108 2478 213 2517; x_wconf 86' lang='lat' dir='ltr'><strong>lituit</strong></span> <span class='ocrx_word' id='word_1_271' title='bbox 251 2477 292 2515; x_wconf 88' lang='lat' dir='ltr'><strong>in</strong></span> <span class='ocrx_word' id='word_1_272' title='bbox 327 2477 436 2516; x_wconf 88' lang='lat' dir='ltr'><strong>codd.</strong></span> <span class='ocrx_word' id='word_1_273' title='bbox 475 2479 663 2531; x_wconf 83' lang='lat' dir='ltr'><strong>scriptura</strong></span> <span class='ocrx_word' id='word_1_274' title='bbox 699 2485 854 2532; x_wconf 76' lang='grc' dir='ltr'><em>πέτραις,</em></span> <span class='ocrx_word' id='word_1_275' title='bbox 900 2496 994 2532; x_wconf 86' lang='lat' dir='ltr'><strong>quae</strong></span> <span class='ocrx_word' id='word_1_276' title='bbox 1024 2497 1142 2534; x_wconf 89' lang='lat' dir='ltr'><strong>quum</strong></span> <span class='ocrx_word' id='word_1_277' title='bbox 1178 2497 1223 2521; x_wconf 83' lang='lat' dir='ltr'><strong>ex</strong></span> <span class='ocrx_word' id='word_1_278' title='bbox 1251 2490 1407 2535; x_wconf 72' lang='grc' dir='ltr'><strong><em>πετραίῳ,</em></strong></span> 
     </span>
     <span class='ocr_line' id='line_1_34' title="bbox 110 2546 1408 2604; baseline 0.004 -18"><span class='ocrx_word' id='word_1_279' title='bbox 110 2547 216 2600; x_wconf 90' lang='lat' dir='ltr'><strong>quod</strong></span> <span class='ocrx_word' id='word_1_280' title='bbox 250 2561 271 2584; x_wconf 87' lang='lat' dir='ltr'><strong>a</strong></span> <span class='ocrx_word' id='word_1_281' title='bbox 299 2546 460 2585; x_wconf 86' lang='lat' dir='ltr'><strong>Zenobii</strong></span> <span class='ocrx_word' id='word_1_282' title='bbox 486 2546 763 2600; x_wconf 84' lang='lat' dir='ltr'><strong>interpolatore</strong></span> <span class='ocrx_word' id='word_1_283' title='bbox 790 2558 982 2588; x_wconf 79' lang='lat' dir='ltr'><strong>servatum</strong></span> <span class='ocrx_word' id='word_1_284' title='bbox 1014 2559 1095 2599; x_wconf 83' lang='lat' dir='ltr'><strong>est,</strong></span> <span class='ocrx_word' id='word_1_285' title='bbox 1134 2560 1315 2604; x_wconf 86' lang='lat' dir='ltr'><strong>corrupta</strong></span> <span class='ocrx_word' id='word_1_286' title='bbox 1347 2567 1408 2591; x_wconf 88' lang='lat' dir='ltr'><strong>es-</strong></span> 
     </span>
     <span class='ocr_line' id='line_1_35' title="bbox 113 2617 1410 2675; baseline 0.004 -20"><span class='ocrx_word' id='word_1_287' title='bbox 113 2623 194 2667; x_wconf 88' lang='lat' dir='ltr'><strong>set,</strong></span> <span class='ocrx_word' id='word_1_288' title='bbox 240 2619 415 2665; x_wconf 72' lang='grc' dir='ltr'><strong>κευθμῶιιι</strong></span> <span class='ocrx_word' id='word_1_289' title='bbox 450 2617 585 2655; x_wconf 89' lang='lat' dir='ltr'><strong>eodem</strong></span> <span class='ocrx_word' id='word_1_290' title='bbox 612 2618 709 2657; x_wconf 87' lang='lat' dir='ltr'><strong>vitio</strong></span> <span class='ocrx_word' id='word_1_291' title='bbox 736 2618 836 2658; x_wconf 87' lang='lat' dir='ltr'><strong>affici</strong></span> <span class='ocrx_word' id='word_1_292' title='bbox 866 2618 1050 2668; x_wconf 87' lang='lat' dir='ltr'><strong>debebat,</strong></span> <span class='ocrx_word' id='word_1_293' title='bbox 1093 2634 1210 2671; x_wconf 91' lang='lat' dir='ltr'><strong>quum</strong></span> <span class='ocrx_word' id='word_1_294' title='bbox 1237 2621 1410 2675; x_wconf 81' lang='lat' dir='ltr'><strong>genitivo</strong></span> 
     </span>
    </p>
   </div>
  </div>
 </body>
</html>
