1677 3059
705 209 769 217 —
876 178 968 226 188
1080 206 1142 213 --

270 319 396 367 Piud.
434 319 582 385 Steph.
621 329 661 366 et
692 320 738 366 in
774 337 925 367 comm.
963 317 1166 365 Strabon.
1202 336 1245 383 p.
1270 318 1343 366 59.
1380 319 1426 365 in
1460 317 1572 365 hanc

269 402 459 467 speciem
492 400 625 447 verba
660 399 967 448 conformavit:

398 488 603 549 πρόσθεν
629 502 699 534 νιν
730 491 847 533 πέδοι
876 485 1112 547 Νηρῄδων.

270 571 460 619 Palmari
496 590 600 619 cura
627 583 765 619 totum
793 571 936 618 locum
974 569 1118 617 Schol.
1152 570 1334 619 Pindari
1368 588 1458 616 nou
1481 585 1571 615 uno

269 652 414 701 ulcere
445 654 641 701 saucium
675 654 922 719 persanavit
964 651 1239 711 Boeckhius,
1287 652 1362 717 qui
1408 649 1572 698 collatis

269 734 526 781 testimoniis
559 733 763 780 omnibus
798 734 842 780 in
875 734 987 780 hanc
1022 751 1220 779 normam
1254 733 1387 781 verba
1419 743 1573 799 poetae

268 815 462 878 redegit,
499 813 807 879 comprobatus
838 813 1156 861 Boissonadio:

399 898 501 957 Πάρ
537 901 697 956 χέρσον
729 901 906 942 λίθινον

401 980 612 1023 ἔκλεπτον
642 976 876 1030 παλάμαις
910 975 1108 1037 βροτῶν·

396 1059 600 1119 πρόσθεν
631 1072 698 1103 νιν
730 1059 848 1101 πέδοι
880 1057 1068 1116 νηριτᾶν

397 1138 552 1191 ἰχθύες
584 1138 829 1198 ὠμοφάγοι
861 1142 1059 1194 νέμοντο.

395 1369 803 1383 --ῌ-συυ--υ-α

398 1463 822 1475 ——u—-——uu——-—·——

352 1583 507 1626 Just-ta
528 1581 679 1627 solum
704 1579 968 1643 lapidosum
996 1579 1184 1625 electum
1211 1581 1426 1627 manibus
1449 1599 1573 1627 mor-

268 1662 462 1708 talium:
495 1671 633 1707 antea
667 1661 723 1707 id
738 1680 841 1707 cum
868 1660 1062 1707 cochleis
1080 1663 1229 1724 pisces
1251 1661 1485 1708 cradicari
1501 1663 1573 1707 z'n-

270 1742 490 1788 colebant.

402 1841 453 1885 V.
481 1841 519 1886 1.
569 1839 704 1903 Quod
740 1840 899 1887 Strabo
927 1840 1051 1908 Ibyci
1081 1848 1216 1888 λίθον
1248 1849 1459 1892 ἐάιλεκτον
1483 1860 1573 1888 πά-

268 1925 435 1980 λάμοιις
459 1929 525 1986 βρ.
558 1922 673 1968 idem
697 1921 786 1969 vult
821 1939 914 1968 esse
950 1933 1078 1986 atque
1108 1929 1296 1983 λογάῖον
1313 1930 1466 1986 λίθον,
1502 1941 1573 1969 ve-

269 2022 370 2050 reor
400 2020 454 2048 ne
490 2003 704 2050 erraverit.
788 2004 899 2049 Nam
929 2010 1055 2049 λίθοι
1088 2010 1265 2063 λογαῖοι
1282 2039 1297 2065 ,
1346 2004 1572 2065 λογάδην,

269 2085 476 2145 λογάδην
500 2088 819 2147 πεποιημένοι,
857 2081 993 2129 Thuc.
1026 2084 1100 2140 IV,
1137 2084 1179 2131 4.
1215 2085 1314 2138 3l.‚
1350 2089 1474 2128 λίθοι
1497 2089 1574 2128 λο-

270 2168 403 2228 γάόες
436 2165 566 2211 Paus.
602 2166 698 2222 VII,
727 2168 802 2220 22,
836 2167 877 2210 3.
914 2175 1015 2210 sunt
1047 2163 1215 2229 lapides
1251 2163 1481 2220 collectitii,
1518 2166 1578 2214 ὥς

269 2252 456 2294 ἕκαστοί
485 2265 595 2293 ποτε
628 2250 923 2309 προςφὲρουσι
961 2245 1160 2313 Thucyd.
1197 2247 1269 2303 ait,
1305 2246 1338 2303 Ι,
1360 2248 1450 2304 93.,
1486 2263 1576 2292 non

272 2328 404 2393 aptati
437 2326 497 2373 illi
531 2327 761 2374 artificiose
797 2325 851 2372 ad
884 2344 994 2390 opus
1019 2326 1343 2384 exstruendum,
1379 2338 1427 2373 ut
1460 2338 1575 2374 recte

272 2409 476 2474 explicuit
511 2408 729 2455 Schaefer.
767 2408 821 2455 ad
857 2408 986 2454 Dion.
1025 2409 1069 2455 C.
1105 2411 1156 2455 V.
1190 2428 1232 2474 p.
1256 2411 1388 2464 295,
1424 2406 1571 2454 Mucll.

272 2489 500 2537 Archaeol.
537 2508 577 2554 p.
602 2491 733 2546 316,
769 2489 930 2554 quibus
960 2490 1121 2555 injuria
1151 2489 1406 2554 obloquitur
1443 2486 1576 2534 Goel-

274 2571 347 2618 lcr.
384 2571 520 2617 Thuc.
558 2572 633 2629 VI,
669 2572 742 2618 66.
825 2572 989 2618 Tamen
1031 2583 1184 2637 poetae
1219 2569 1410 2634 Rhegini
1443 2567 1576 2615 verba
