1677 3059
680 224 745 232 —-
868 196 931 241 90
1057 225 1116 234 ..-

245 351 293 387 ut
326 338 453 403 frgm.
490 336 635 396 11‚1.;
669 338 778 398 ἔρως
812 335 860 382 P.
884 335 935 381 V.
971 333 1019 382 L.
1042 333 1133 381 rell.
1201 335 1268 384 De
1305 337 1384 386 hac
1413 338 1555 385 forma

247 420 642 471 Grammaticorum
684 427 781 463 vett.
819 432 1037 462 consensu
1083 416 1376 465 Aeolensibus
1410 417 1553 465 vindi-

247 515 363 559 cata,
400 503 539 547 Koen.
574 498 706 560 Greg.
741 496 838 544 Cor.
873 516 917 562 p.
944 497 1063 554 608,
1101 498 1424 563 antiquioribus
1447 517 1553 565 poe-

245 585 299 630 tis
336 581 513 629 omnino
541 578 760 626 communi
794 598 830 625 v.
855 579 1017 624 Buttm.
1055 578 1130 626 Gr.
1167 598 1277 625 max.
1302 580 1336 637 I,
1375 599 1416 645 p.
1443 582 1551 626 212.

244 666 397 728 Neque
428 660 604 723 Tragici
638 659 766 724 plane
801 671 1180 724 contempserunt,
1215 679 1251 706 v.
1276 660 1423 707 Valck.
1447 661 1551 707 Eur.

244 746 376 810 Hipp.
414 741 522 789 449.
604 741 727 787 Deus
761 741 880 807 ipse,
916 752 965 788 ut
999 760 1066 806 ap.
1103 740 1313 807 Ibycum,
1357 742 1417 788 ita
1450 742 1552 787 Hes.

245 825 411 887 Theog.
452 824 556 869 120.
591 822 728 884 Ἔρος.
767 851 828 859 —·
897 824 1181 873 κατάκοιτος.
1249 823 1312 869 Ita
1339 833 1441 888 post
1477 821 1555 869 Al-

246 905 352 952 dum
379 904 534 961 edunt;
568 903 695 950 codd.
718 905 770 949 A.
791 905 842 951 B.
869 905 916 951 P.
942 907 1214 961 κατάκητος.
1251 933 1311 940 —-
1357 905 1398 950 5.
1423 904 1556 949 Ὥστε

245 993 285 1034 δ’
312 987 418 1033 ὑπὸ.
483 983 608 1031 Libri
644 1001 794 1029 onmes
829 1002 878 1031 τε
911 985 1000 1031 ὑπὸ
1016 1021 1033 1047 ‚
1073 985 1195 1048 quod
1230 984 1379 1048 Steph.
1411 994 1554 1030 trans-

246 1068 348 1116 latio
382 1065 516 1112 latina
551 1063 787 1128 expressit:
824 1074 866 1111 et
889 1094 954 1101 —
978 1064 1232 1111 incendens.
1300 1063 1551 1130 Dalecamp.

245 1159 439 1195 vertens:
476 1154 527 1192 ut
548 1147 728 1191 Boreas
753 1145 949 1209 quidam
976 1144 1082 1208 legit
1114 1145 1181 1192 vel
1214 1146 1274 1195 ὥς
1298 1161 1364 1194 τις
1385 1144 1451 1191 vel
1474 1147 1556 1192 ἅτε

244 1246 322 1279 τις.
384 1223 653 1272 Intolerabili
688 1225 809 1271 hiatu
844 1225 988 1272 locum
1014 1226 1199 1274 foedans
1227 1227 1343 1274 Fior.
1371 1225 1488 1272 obss.
1510 1244 1554 1291 p.

247 1311 322 1357 65.
355 1310 471 1355 ὥστε
501 1308 592 1353 ὑπὸ
607 1342 625 1370 ,
674 1324 803 1371 quem
831 1307 890 1352 ita
913 1308 1095 1354 removit
1123 1309 1291 1365 Boiss.‚
1326 1318 1375 1353 ut
1409 1307 1557 1355 ederet

245 1393 361 1439 ὥσθ’
396 1388 501 1436 ὑπὸ.
577 1387 753 1434 Jacobs.
789 1388 835 1434 in
870 1387 1002 1434 Anih.
1043 1388 1118 1435 Gr.
1154 1390 1240 1447 ΙΙΙ,
1273 1393 1330 1447 2,
1366 1408 1408 1454 p.
1448 1391 1552 1437 155.

245 1476 318 1520 ἅτ’
349 1472 453 1519 ὑπὸ.
522 1467 726 1514 Debebat
750 1481 863 1517 certe
888 1473 994 1534 62³3
1030 1470 1091 1516 uti
1119 1471 1294 1535 scripsit
1316 1471 1551 1518 Hermann.

243 1549 556 1618 Ephemeridd.
594 1549 702 1596 liter.
738 1550 857 1615 Lips.
898 1551 1037 1609 1817,
1074 1553 1137 1608 ΙΙ,
1173 1571 1214 1617 p.
1250 1554 1394 1609 2233,
1437 1550 1552 1617 Epit.

245 1634 381 1681 doctr.
417 1642 539 1677 metr.
572 1651 612 1696 p.
654 1632 784 1687 120.⁷
819 1649 971 1678 versus
1007 1633 1066 1679 ita
1096 1633 1346 1680 dimensus:

374 1717 594 1768 οὐδεμίαν
628 1714 902 1762 κατάκοιτος
936 1715 1004 1760 ὥ-

373 1811 460 1856 ροιν
497 1795 578 1840 ἅθ’
616 1795 706 1840 ὑπὸ
744 1811 811 1840 στ.
844 1801 921 1853 φλ.

241 1878 405 1923 Verum
438 1875 750 1921 sententiarum
785 1885 911 1921 tenor
934 1875 1226 1933 demonstrat,
1259 1875 1425 1940 requiri
1452 1893 1553 1940 par-

243 1957 416 2004 ticulam
454 1975 564 2020 quae
594 1955 847 2002 adversetur
873 1956 1204 2021 superioribus,
1242 1956 1417 2002 alteram
1442 1973 1553 2020 quae

242 2038 611 2103 comparationem
646 2036 823 2084 Amoris
858 2047 987 2101 atque
1021 2038 1189 2084 Boreae
1224 2037 1416 2102 incipiat.
1494 2038 1554 2084 Ut

241 2120 295 2167 ab
334 2119 414 2166 hac
459 2118 636 2183 quidem
671 2130 793 2184 parte
828 2118 1097 2165 Mehlhornii
1139 2116 1308 2163 medela
1340 2117 1552 2182 probabi-

240 2202 400 2249 litatem
446 2200 628 2258 habeat,
687 2199 761 2264 qui
798 2199 974 2263 conjicit
1008 2198 1291 2247 scribendum
1328 2200 1429 2246 ἀλλ’
1466 2198 1549 2244 ἅθ’

239 2285 330 2332 ὑπὸ
364 2300 464 2346 στ.,
501 2281 708 2328 remotius
745 2292 888 2326 tamen
910 2281 1017 2327 illud
1061 2301 1084 2328 a
1116 2281 1310 2344 vestigiis
1337 2277 1549 2325 codicum.

241 2366 330 2428 Qui
369 2381 504 2428 quum
539 2361 821 2427 suppeditent
853 2380 902 2408 τε
914 2398 931 2425 ,
971 2373 1085 2408 recte
1119 2360 1402 2407 Fiorillonem
1437 2361 1552 2406 ὥστε

241 2447 406 2494 eruisse
444 2462 695 2491 censemus:
746 2454 793 2489 ut
825 2456 1084 2509 persanctur
1111 2444 1233 2491 locus
1270 2451 1307 2490 A
1339 2438 1550 2507 particula

240 2528 402 2573 inserta
435 2543 548 2590 opus
585 2536 673 2581 est,
721 2543 831 2588 quae
859 2524 984 2573 facile
1020 2524 1219 2573 excidere
1252 2533 1424 2590 poterat
1452 2531 1549 2568 ante

238 2611 381 2655 ‘YHQ
467 2605 571 2668 Quo
606 2605 720 2653 facto
760 2607 950 2672 optimus
994 2606 1214 2655 enascitur
1247 2622 1424 2653 sensus:
1471 2601 1550 2650 sed
