1677 3059
576 231 640 239 —
743 203 839 250 217
945 233 1010 241 —

140 343 259 406 gitur
298 341 492 390 diversas
539 341 771 390 conciliare
816 341 1002 389 orationi
1037 341 1241 401 virtutes,
1291 345 1354 391 uti
1399 346 1446 393 in

141 424 354 472 concitato
402 423 613 471 orationis
659 421 838 470 flumine
880 441 971 469 non
1015 423 1281 472 mediocrem
1320 427 1449 475 affert

140 505 434 569 exaggerandi
468 504 730 568 gravitatem.
799 504 1039 569 Aptissima
1071 504 1244 553 videtur
1271 507 1316 553 in
1351 507 1447 555 loco

138 584 295 651 Ibycio
330 585 389 633 ad
431 583 784 632 adumbrandum
820 587 975 633 maesti
1013 587 1205 634 hominis
1241 588 1448 649 animum,

139 684 229 731 quo
266 678 308 716 et
339 666 467 714 metri
499 666 609 713 ratio
643 666 841 731 pertinet.
922 666 1113 714 Librarii
1158 670 1203 717 in
1248 673 1450 719 omitten-

140 745 247 794 dum
291 747 448 813 proni,
503 757 551 794 ut
583 745 781 794 Alcman.
818 764 886 811 ap.
931 747 1075 811 Apoll.
1113 749 1168 798 de
1203 771 1448 817 pronomm.

138 845 183 892 p.
219 829 291 875 15.
326 831 468 892 βαρὺς
503 829 644 891 βαρὺς
678 828 886 878 σύνοικος
934 826 1063 874 codd.
1097 829 1147 876 B.
1185 832 1231 877 C.
1269 833 1451 881 alterum

138 909 356 972 ignorant.
425 907 562 974 Soph.
599 907 668 973 Aj.
699 911 807 955 333.
837 919 953 955 recte
987 909 1041 955 G.
1069 910 1276 959 Dindorf.
1314 917 1450 971 ἴδοιμ’

138 991 278 1047 ἴδοιμι
325 989 514 1036 restituit
568 988 624 1036 ab
671 988 864 1035 librariis
911 990 1028 1036 varie
1076 991 1450 1040 commaculatum.

139 1069 254 1116 Tum
295 1068 391 1117 cod.
425 1070 607 1130 τάφεις,
654 1087 765 1116 corr.
803 1069 1027 1117 Blochius.
1125 1073 1325 1121 Ceterum
1362 1093 1453 1121 non

141 1150 300 1198 desunt
347 1149 429 1196 alia
476 1168 588 1214 quae
623 1150 680 1197 ad
714 1152 858 1212 τάφος
905 1151 986 1198 hoc
1029 1154 1276 1215 significatu
1311 1154 1454 1202 vindi-

142 1232 331 1280 candum
362 1230 547 1289 saciant,
583 1242 629 1278 ut
661 1231 911 1279 Simonides
949 1251 1028 1297 pro
1068 1237 1118 1281 τὸ
1150 1237 1333 1297 θάμβος
1367 1235 1455 1282 sibi

139 1312 325 1360 indulsit
355 1313 386 1358 0‘
410 1313 592 1375 θάμβος
615 1330 682 1378 ap.
717 1312 877 1359 Scholl.
905 1315 1013 1359 Ven.
1040 1314 1165 1359 Hom.
1189 1314 1234 1360 Il.
1264 1316 1339 1372 IV,
1364 1318 1454 1375 79.‚

142 1393 339 1440 Alcman.
373 1394 427 1440 τὸ
464 1395 600 1444 σάλος
629 1411 711 1458 pro
739 1395 763 1441 ὁ
801 1395 938 1443 σάλος
974 1412 1041 1458 ap.
1071 1394 1302 1443 YVelcker.
1326 1398 1455 1461 frgm.

143 1476 324 1533 LXVI.‚
360 1477 385 1522 ὁ
420 1474 581 1523 σκότος
614 1484 655 1520 et
690 1476 742 1521 τὸ
777 1476 968 1538 σκότος,
1004 1474 1190 1521 Porson.
1216 1477 1319 1523 Eur.
1350 1480 1455 1529 Hec.

143 1556 252 1604 825.
338 1555 544 1602 Extremo
578 1556 821 1618 πεπηγώς,
875 1554 996 1620 quod
1034 1556 1239 1606 Dindorf.
1276 1558 1459 1621 figurate

147 1635 312 1682 dictum
342 1635 533 1692 censuit,
569 1646 617 1681 ut
641 1645 773 1700 put0‚
809 1634 939 1682 veluti
968 1637 1058 1683 Liv.
1086 1638 1160 1694 ΙΙΙ,
1190 1638 1266 1687 47.
1297 1648 1461 1703 stupor

147 1734 304 1764 omnes
334 1715 525 1782 defixit,
573 1726 615 1762 et
648 1713 818 1778 vulgari
854 1734 986 1765 sensu
1022 1717 1205 1783 perinde
1239 1719 1346 1786 poni
1377 1738 1459 1766 no-

145 1808 241 1844 tum
275 1807 352 1847 est.

593 1943 828 2006 Fragm.
901 1944 1011 1990 LIII.

284 2037 446 2089 Scholl.
477 2037 652 2086 Vratisl.
688 2038 743 2087 A.
779 2038 826 2084 in
860 2038 988 2088 Pind.
1028 2039 1096 2086 Ol.
1131 2040 1208 2098 IX,
1245 2041 1349 2090 128.

261 2123 471 2181 Χάρμαι·
502 2121 586 2165 νῦν
621 2122 727 2165 ἀντὶ
760 2122 844 2165 τοῦ
876 2121 1012 2180 χαρά.
1076 2124 1277 2181 “Optimos
1311 2127 1359 2168 δὲ
1391 2125 1466 2169 ἐπὶ

156 2203 237 2258 τῆς
280 2202 445 2256 μάχης.
489 2204 533 2246 οἱ
576 2205 624 2246 δὲ
657 2202 758 2260 περὶ
788 2198 1011 2261 Ἴβυκον
1060 2206 1140 2246 καί
1184 2208 1465 2264 Στησίχορον

160 2279 311 2344 (frgm,
346 2279 610 2342 LXXXIX.)
647 2281 830 2340 χάρ,ιιην
865 2282 947 2334 τὴν
978 2286 1279 2342 έ.τιδοράτι’ὃά
1312 2289 1464 2342 φασίν.

157 2362 259 2408 Non
293 2370 443 2424 aperta
475 2359 601 2422 origo
635 2358 815 2406 rarioris
845 2358 1139 2421 significatus·
