1665 3034
182 730 442 786 Caroli
502 730 885 810 Odofredz'
939 728 1310 785 DIzcellem'

441 851 768 922 epistola
825 850 1046 904 missa

703 971 775 1008 ad

252 1068 481 1116 Frider:
515 1070 667 1115 Guil.
703 1068 1228 1115 Scllnez‘dewinum.

90 1311 258 1410 Quod
293 1364 363 1413 tu,
409 1355 725 1402 iucundissime
761 1353 1222 1413 Schneidewine‚
1268 1354 1393 1423 Ibyci

84 1446 147 1492 tui
171 1444 364 1511 pagellas
388 1445 583 1509 singulas
610 1456 650 1492 et
674 1443 821 1510 prelo,
857 1454 905 1490 ut
929 1442 1112 1502 dicitur,
1149 1445 1276 1492 etiam
1300 1457 1393 1493 tum

83 1531 307 1579 madentes
340 1532 483 1598 primo
513 1531 618 1578 mihi
655 1531 954 1578 transmisisti:
991 1530 1038 1576 id
1070 1531 1176 1578 mihi
1211 1551 1394 1597 pergra-

81 1631 174 1667 tum
211 1618 379 1666 accidit.
458 1620 569 1666 Nam
606 1629 808 1684 expertus
841 1635 963 1673 sum,
1010 1617 1132 1682 quod
1165 1637 1392 1684 nunquam

83 1707 177 1753 sine
213 1705 376 1770 gaudio
412 1707 635 1772 experior,
672 1703 933 1753 discendum
956 1704 1097 1752 nohis
1132 1723 1263 1771 saepe
1296 1724 1391 1753 esse

83 1792 138 1840 ab
174 1794 252 1852 iis,
289 1812 401 1858 quos
432 1793 565 1841 modo
601 1791 858 1850 docuimus,
894 1802 936 1838 et
964 1802 1141 1840 mutuae
1174 1791 1392 1858 quodam-

82 1879 214 1927 modo
237 1880 521 1927 institutionis
549 1879 666 1926 hunc
690 1896 784 1925 esse
809 1888 1009 1925 nostrum
1032 1877 1198 1925 ludum.
1253 1878 1392 1942 Quod

82 1977 131 2013 ut
153 1965 307 2022 nobis,
341 1965 608 2030 philologiae
635 1966 880 2029 magistris,
914 1964 1129 2030 imprimis
1159 1966 1391 2032 experiun-

84 2054 189 2101 dum
223 2053 301 2111 sit,
342 2054 446 2100 facit
475 2066 568 2101 tum
604 2052 851 2101 studiorum
881 2062 1132 2098 nostrorum
1167 2052 1392 2118 multiplex

81 2158 245 2203 genus,
282 2151 323 2188 et
356 2124 636 2206 camporum,
679 2139 725 2186 in
760 2155 872 2203 quos
911 2138 1080 2184 excurri
1111 2149 1277 2203 potest,
1324 2139 1392 2185 di-

83 2226 286 2285 versitas,
321 2239 412 2274 tum
448 2245 622 2284 eorum,
660 2225 736 2290 qui
765 2224 833 2270 his
869 2223 1026 2270 studiis
1057 2235 1230 2282 vacant,
1267 2243 1391 2272 mens

82 2311 215 2375 longo
250 2313 336 2359 iam
370 2332 454 2361 usu
499 2333 524 2361 a
556 2313 707 2379 pueris
742 2311 846 2358 inde
879 2313 1136 2369 exercitata,
1182 2322 1245 2368 et,
1293 2328 1390 2358 cum

82 2398 140 2445 ad
174 2398 347 2446 altiores
385 2401 589 2448 scientiae
613 2399 778 2464 gradus
802 2408 1056 2463 perventum
1095 2408 1183 2454 est,
1219 2396 1391 2459 ingeni-

80 2496 173 2532 tum
197 2486 284 2533 sibi
306 2486 548 2550 igniculum
572 2485 768 2533 celeriter
790 2503 921 2550 saepe
945 2483 1194 2531 ostendens.
1247 2483 1391 2540 Nunc,

85 2583 132 2620 ut
165 2572 367 2622 beneficii
402 2572 520 2639 apud
553 2590 623 2620 me
659 2572 853 2620 collocati
890 2571 1052 2634 gratias
1087 2568 1390 2616 tibi-referam
