1677 3059
520 240 584 250 —-
696 213 788 262 177
901 241 966 250 -

85 355 222 413 soret,
260 365 309 402 ut
342 352 446 401 inde
486 343 707 400 xiavovff
742 349 963 409 elicerem,
1001 350 1055 398 de
1080 369 1169 416 quo
1194 363 1393 416 apostro-

85 434 176 501 pho
217 435 263 482 in
306 433 608 482 terminatione
647 449 800 478 versus
842 432 918 479 cfr.
961 430 1151 479 Boeckh.
1199 431 1252 479 de
1291 434 1392 480 crisi

86 513 215 560 Pind.
251 515 289 577 ἓ
322 515 363 562 6.
400 544 460 551 ——
538 516 581 563 3.
618 514 929 572 ἰσοκεφάλους.
986 511 1136 574 Quum
1173 513 1393 561 Meinekio

87 593 134 640 in
154 592 386 641 Menandr.
413 613 454 659 p.
486 595 557 641 11.
592 592 638 639 in
672 603 858 640 metrum
895 604 1120 657 peccatum
1158 593 1392 653 videretur,

86 675 336 725 ἰσοπάλους
359 674 589 740 proposuit
625 672 921 720 scribendum.
991 672 1081 719 Sed
1104 686 1152 721 ut
1172 676 1393 723 Pindarus

86 758 181 806 ἴσος
222 754 343 802 brevi
386 755 533 820 priore
570 754 724 812 habet,
784 755 842 801 ita
879 751 1030 800 eadem
1074 772 1155 800 uso
1191 775 1396 804 mensura

86 834 224 902 Bcho
260 833 425 881 solvere
457 834 578 882 licuit
614 833 776 896 dactyli
813 835 1021 891 formam,
1061 853 1094 880 v.
1121 836 1390 902 P1·olegg.p.

89 915 164 963 74.
203 915 434 962 Praeterea
460 914 722 962 intellectum
756 914 832 961 ubi
857 926 1054 979 spectes,
1090 916 1297 964 Meinekii
1323 918 1396 965 illa

86 995 338 1060 conjectura
371 1013 461 1040 non
497 1007 619 1042 vacat
653 995 850 1042 offensu:
889 1014 990 1041 nam
1027 1014 1315 1062 quaecunque
1342 998 1396 1046 de

87 1074 283 1123 mirificis
319 1074 528 1121 fratribus
564 1087 692 1141 poeta
720 1075 969 1141 praedicat,
1005 1078 1049 1123 in
1082 1088 1281 1125 externae
1307 1078 1397 1125 sor-

89 1174 185 1205 mae
219 1154 550 1203 similitudinem
581 1168 776 1221 spectant
811 1158 981 1215 onmia,
1039 1177 1128 1204 non
1161 1158 1397 1222 aequalita-

90 1249 177 1284 tem
210 1236 381 1286 virium.
454 1237 656 1284 Ceterum
694 1238 851 1303 cuique
894 1237 1020 1285 facile
1056 1238 1100 1284 in
1143 1240 1397 1286 memoriam

90 1318 206 1365 redit
237 1334 389 1364 versus
419 1318 705 1377 Homericus,
755 1317 832 1383 qui
868 1328 932 1366 est
968 1317 1054 1365 Od.
1091 1319 1251 1376 XVIII,
1291 1322 1395 1367 372.

92 1397 147 1445 de
185 1398 282 1464 pari
317 1396 476 1444 boum:

187 1480 417 1541 ἥλικες,
465 1478 765 1543 ἰσοφόροι,
800 1482 941 1528 τῶντε
975 1487 1134 1533 σθένος
1167 1482 1253 1528 οὐκ
1284 1486 1399 1528 ἀλα-

858 1562 1047 1607 παδνόν.

94 1641 337 1702 Ἑνιγυιούς
370 1637 575 1685 Dindorf.
612 1640 803 1698 sanavit,
841 1659 977 1705 quum
1015 1640 1167 1688 relicui
1204 1645 1404 1703 ἑνιγυούς

93 1730 342 1775 tuerentur3
397 1729 441 1765 at
473 1736 623 1765 verum
659 1719 746 1783 jam
791 1721 987 1769 exhibuit
1023 1721 1183 1769 Juuius
1226 1721 1402 1785 Adagg‚

96 1799 216 1846 Cent.
241 1801 296 1857 V,
325 1800 399 1847 31.
470 1798 681 1864 Idemque
708 1801 842 1848 Dind.
882 1821 980 1849 cum
1007 1800 1254 1864 Schweigh.
1278 1820 1404 1850 versu

95 1880 139 1928 4.
175 1883 274 1942 ὠέῳ
308 1879 482 1926 reduxit
514 1897 564 1925 ex
585 1880 843 1938 Eustathio;
880 1893 1003 1929 antea
1031 1880 1285 1929 scribebant
1309 1885 1407 1946 ώεῷ

96 1971 269 2026 praeter
297 1961 398 2007 Jun.
427 1959 453 2006 l.
483 1978 519 2009 e.
586 1960 838 2026 Disputatio
870 1974 1013 2009 autem
1048 1973 1112 2008 est
1149 1979 1216 2026 ap.
1244 1962 1404 2009 Athen.

100 2041 126 2091 l.
174 2039 199 2086 l.
248 2051 290 2087 et
331 2041 527 2088 Eustath.
574 2039 620 2086 ΙΙ.
658 2060 699 2106 p.
741 2042 879 2099 1686,
917 2042 990 2088 24.
1038 2042 1164 2089 Rom.
1215 2041 1270 2088 de
1316 2042 1406 2088 sor-

100 2119 183 2167 mis
217 2137 254 2165 v.
290 2122 382 2168 ὠὸν
416 2122 558 2185 ὤεον,
600 2120 707 2169 ὤϊον
742 2141 792 2170 ex
836 2122 1018 2170 diversis
1063 2121 1205 2186 poetis
1253 2121 1406 2179 allatis,

103 2200 180 2249 cfr.
219 2200 330 2249 Neu.
371 2200 537 2266 Sapph.
575 2200 750 2263 frgmm.
785 2204 939 2259 XXX,
994 2202 1137 2259 XCV,
1185 2201 1298 2249 adde
1333 2203 1409 2248 Ja-

103 2281 222 2329 cobs.
258 2266 435 2327 Anthol.
472 2280 562 2327 Pal.
595 2299 638 2346 p.
676 2284 792 2340 663;
829 2285 936 2331 723.
1027 2281 1216 2329 videtur
1246 2288 1268 2329 ἑ
1301 2281 1412 2329 illud

105 2362 193 2409 sive
233 2368 252 2408 ῑ
294 2360 558 2408 successisse
606 2362 650 2408 in
693 2362 837 2410 locum
885 2362 1120 2425 digammi,
1172 2362 1294 2428 quod
1334 2363 1412 2410 ha-

106 2441 256 2488 buisse
299 2438 561 2487 vocabulum
601 2451 641 2486 et
673 2440 815 2488 forma
849 2443 1014 2490 Dorica
1047 2454 1255 2501 testatur,
1301 2461 1413 2509 quae

107 2533 173 2568 est
206 2522 338 2585 ὤβεα.
372 2523 434 2567 τοι
466 2522 552 2568 ω’ὰ.
586 2525 777 2582 Ἀργεῖοι.
812 2522 1030 2590 Hesych.,
1088 2534 1130 2571 et
1163 2543 1298 2572 ovum
1330 2525 1415 2571 La-

108 2602 310 2648 tinorum.

1141 2684 1203 2731 12
