1677 3059
549 237 613 245 --
742 219 803 252 XV
926 236 988 243 .—

116 369 252 418 quae,
287 350 501 407 obsecro,
536 347 713 412 ingenio
749 345 873 412 Ibyci
910 348 1052 412 aptior
1081 348 1263 393 inveniri
1299 359 1422 412 pote-

113 438 184 497 rit,
219 456 351 504 quam
378 437 588 484 amoris
619 434 924 482 muliebris
954 447 1003 482 et
1030 434 1272 482 masculi
1301 454 1421 482 con-

116 524 324 583 tentio,
382 523 661 587 illiusque
714 522 1098 587 reprehensio
1155 533 1205 569 et
1254 521 1421 567 huius

117 610 354 659 laudes?
436 611 517 656 Cui
561 609 742 657 consilio
779 609 884 656 haec
922 609 1072 656 sabula
1118 627 1165 656 se
1198 619 1424 674 tantopere

117 696 430 752 accommodat,
470 708 515 743 ut
546 715 683 761 paene
706 696 954 742 mirandum
981 696 1201 753 haberem,
1240 696 1275 742 si
1297 707 1425 760 poeta

117 783 163 832 in
199 784 370 832 eroticis
403 784 495 830 suis
532 783 689 830 studiis
730 801 779 829 ea
816 783 964 829 fabula
1000 801 1091 829 non
1123 784 1179 829 ita
1216 801 1321 829 usus
1359 801 1424 828 es-

116 881 192 918 set.
224 893 227 899 ’
259 870 486 918 Habemus
506 871 618 917 duos
644 888 821 935 puerOS,
859 870 1077 935 aequales,
1115 870 1264 917 eadem
1291 869 1425 933 stirpe

81 981 84 984 ·
114 968 372 1022 prognatos,
393 958 547 1009 ¹eadem
572 957 882 1023 pulcritudinis
905 957 1043 1020 gloria
1066 957 1279 1012 illustres;
1316 976 1424 1020 quo-

113 1062 213 1092 rum
244 1044 352 1093 alter
385 1063 409 1091 a
441 1044 524 1092 deo
553 1057 722 1092 amatur
757 1056 796 1091 et
828 1045 872 1091 in
897 1045 1061 1091 caelum
1088 1044 1286 1091 sublatus
1313 1061 1425 1090 sem-

115 1131 288 1196 piterna
321 1151 420 1179 cum
455 1131 540 1177 diis
575 1131 737 1178 fruitur
771 1132 991 1179 iuventute
1028 1143 1068 1179 et
1103 1131 1325 1185 felicitate;
1365 1132 1424 1177 al-

116 1231 183 1267 ter
214 1219 321 1267 deae
359 1236 505 1265 amore
552 1218 789 1284 subreptus
827 1230 928 1283 post
970 1219 1118 1265 brevia
1153 1219 1312 1281 gaudia
1349 1221 1426 1265 tri-

120 1305 312 1353 stissima
339 1315 559 1352 senectute
587 1306 861 1370 opprimitur.
914 1308 1032 1367 Quo,
1069 1324 1248 1369 quaese,
1285 1325 1425 1352 exem-

115 1391 188 1456 plo
224 1390 485 1451 luculentius
523 1391 814 1438 demonstrari
847 1404 1041 1457 poterat,
1088 1392 1226 1439 bellos
1261 1412 1422 1458 pueros

114 1481 384 1541 χαρίζεσθαι
419 1477 580 1524 debere
611 1479 740 1536 viris,
776 1499 865 1526 non
900 1479 1126 1526 muliebris
1157 1480 1316 1526 amoris
1344 1481 1424 1526 im-

115 1566 365 1630 potentiae?
449 1564 586 1628 Quod
636 1566 839 1630 aequales
886 1567 974 1613 dixi
1023 1585 1097 1613 eos
1142 1585 1330 1631 pueros,
1377 1567 1424 1613 id

115 1652 199 1699 feci
232 1651 410 1716 quidem
447 1664 597 1699 contra
632 1671 681 1699 ea
717 1654 999 1717 genealogica
1025 1665 1273 1710 stemmata,
1312 1673 1423 1719 quae

117 1737 242 1802 volgo
277 1739 323 1786 in
364 1740 619 1804 antiquitate
669 1740 1113 1792 circumfe1-cbantur2
1167 1740 1272 1789 haec
1309 1742 1424 1788 enim

115 1844 214 1872 cuni
248 1825 552 1893 Ganymedem
588 1828 718 1874 Trois
754 1827 915 1886 filium,
967 1827 1207 1874 Tithonum
1241 1831 1424 1877 Laome-

114 1911 261 1959 dontis
296 1913 362 1960 vel
392 1912 530 1961 filium
562 1913 629 1961 vel
661 1926 865 1980 nepotem
895 1914 1153 1973 exhibeant,
1189 1915 1311 1963 illum
1336 1936 1424 1964 una

113 1998 341 2047 duabusve
373 2001 587 2048 aetatibus
623 2001 705 2048 hoc
743 2002 1031 2067 antiquiorem
1067 2002 1245 2048 faciunt.
1333 2004 1425 2051 Sed

114 2085 197 2132 feci
227 2085 277 2133 id
312 2106 362 2134 ex
400 2088 652 2135 auctoritate
686 2088 814 2154 Ibyci
848 2089 1013 2153 ipsius,
1075 2108 1204 2153 quem
1243 2103 1425 2156 propter

114 2171 247 2219 verba
293 2174 563 2222 Scholiastae
600 2175 794 2222 dubitari
829 2176 982 2240 nequit
1031 2175 1304 2243 Ganymedis
1347 2177 1423 2223 Ti-

113 2256 324 2323 thonique
357 2272 532 2326 raptum
560 2261 702 2309 eidem
727 2263 911 2328 tempori
945 2263 1205 2326 assignasse.
1275 2263 1422 2327 Atque

114 2347 432 2394 consentientes
468 2349 553 2396 sibi
586 2350 750 2417 Ibycus
782 2350 915 2397 habet
950 2352 1154 2415 antiquos
1185 2349 1421 2415 scriptores

114 2448 215 2488 eos,
277 2431 353 2497 qui
405 2434 532 2481 etiam
579 2437 883 2503 Ganymedem
928 2435 1240 2483 Laomedontis
1285 2436 1421 2484 filium

106 2518 251 2565 ‘fuisse
286 2519 580 2578 tradiderant3
630 2542 818 2587 quorum
863 2523 1100 2570 sententiae
1136 2521 1282 2587 ipsum
1315 2524 1421 2570 Pin-

112 2604 267 2652 darum
302 2606 446 2653 favere
481 2608 518 2654 B
531 2626 557 2654 o
573 2627 594 2655 e
607 2608 667 2655 ck
680 2609 776 2656 hiu
789 2628 808 2656 s
847 2610 1018 2666 docuit,
1053 2607 1217 2673 Explic.
1241 2609 1420 2657 Pindar,
