1677 3059
655 233 720 239 -
863 217 891 249 χ
1031 233 1095 242 -

221 345 388 406 Mt),
427 342 547 408 quod
581 360 678 389 cum
717 342 848 389 altero
881 342 975 390 loco
1010 343 1064 391 de
1101 355 1421 411 φαινομηρίσιν
1445 350 1528 397 La-

220 433 363 479 caenis
403 430 578 495 (fragm.
604 429 782 492 XLIX.)
823 448 847 475 a
879 436 1008 495 po'e'ta
1038 444 1188 479 nostro
1225 433 1446 482 Messenio
1481 437 1526 484 in

218 520 458 584 Spartanos
494 528 703 581 tanquam
735 525 1267 580 γυναικοκρατουμένους
1308 521 1394 569 dici
1428 535 1524 589 pot-

217 617 330 663 erat,
376 616 416 652 et
448 604 530 651 alia
567 603 796 668 quaedam.
887 607 1050 653 Verum
1086 618 1252 665 tamen,
1297 608 1382 655 nisi
1420 629 1523 671 eon-

216 692 499 751 cesserimus,
552 703 751 739 nostrum
802 697 975 757 poetam
1022 712 1152 759 saepe
1206 694 1333 741 etiam
1385 707 1522 744 totum

212 781 349 826 fuisse
385 781 427 826 in
468 781 650 826 heroum
683 779 816 827 rebus
845 780 977 843 gestis
1016 782 1295 831 enarrandis:
1333 782 1521 845 Ibyceae

213 879 249 914 ct
285 867 585 914 Stesichorcae
622 873 808 932 po'c'seos
845 868 1123 914 necessitudo
1160 869 1256 927 illa,
1293 889 1423 935 quam
1452 870 1519 917 di-

209 957 373 1013 ximus,
423 954 563 1019 qualis
599 955 752 1011 fuerit,
802 954 979 1000 omnino
1016 954 1195 1018 intelligi
1231 975 1320 1003 non
1355 969 1515 1023 posset.

208 1045 316 1090 Bam
363 1044 476 1089 inter
529 1042 736 1089 amatoria
785 1041 976 1088 earmina
1022 1060 1043 1087 a
1086 1041 1336 1090 Stesichoro
1388 1045 1516 1100 faeta,

209 1150 319 1196 quae
356 1130 499 1177 onmia
536 1130 582 1175 in
617 1129 780 1175 fabulis
827 1127 1094 1193 quibusdam
1132 1129 1424 1194 popularibus
1461 1129 1516 1177 de

206 1217 466 1264 mulieribus
494 1216 741 1262 amantibus
767 1216 971 1262 amatisve
999 1216 1254 1262 enarrandis
1280 1216 1515 1264 versaban-

204 1317 275 1352 tur
313 1308 519 1368 (quarum
557 1303 806 1350 fabularum
844 1323 953 1369 quae
991 1304 1121 1350 suerit
1151 1304 1261 1350 ratio
1286 1315 1325 1350 et
1357 1316 1514 1352 natura

205 1392 379 1454 egregie
415 1390 563 1437 docuit
598 1390 948 1439 W*elcke1=us
984 1392 1028 1438 in
1063 1409 1246 1438 censura
1272 1391 1512 1438 Stesichori

202 1479 469 1541 K!einiani)‚
507 1489 547 1525 et
578 1477 701 1544 Ibyci
736 1481 959 1540 ἐρωτικὴν
981 1481 1198 1541 Μοῦσαν,
1239 1496 1349 1541 quae
1374 1477 1510 1524 maxi-

201 1586 314 1613 mam
349 1577 515 1630 partem
551 1568 742 1623 παιδικὴ
781 1577 872 1612 erat
908 1577 947 1612 et
977 1565 1252 1612 Stesichorea
1286 1563 1414 1627 longe
1440 1583 1510 1611 ea-

200 1653 355 1712 lidior,
409 1653 477 1698 vix
523 1651 609 1698 ulla
656 1653 843 1699 aslinitas
890 1663 1032 1717 potest
1075 1652 1266 1714 agnosci.
1357 1651 1509 1716 Itaque

201 1742 327 1788 etiam
362 1740 446 1786 hoc
482 1751 739 1802 argumento
774 1739 905 1786 nobis
942 1738 1333 1805 persuadebimus,
1380 1736 1507 1802 plura

196 1829 321 1895 Ibyci
354 1826 545 1874 carmina
579 1845 628 1872 ex
664 1826 840 1873 heroico
876 1826 948 1873 illo
972 1845 1130 1890 genere
1153 1825 1311 1882 fuisse,
1348 1825 1394 1871 in
1420 1844 1506 1889 quo

198 1914 439 1962 Stesichori
466 1914 612 1979 poe'sis
651 1914 845 1960 omnium
880 1915 1064 1961 maxime
1095 1913 1364 1959 versabatur.

326 1999 525 2048 Heroieis
561 2011 704 2047 autem
746 2001 1014 2064 argumentis
1062 2000 1115 2046 ab
1161 2000 1240 2046 hac
1278 2005 1503 2065 po'e‘tarum

196 2100 312 2137 secta
348 2088 622 2136 celebrandis
661 2088 781 2152 quod
807 2099 979 2153 tempus
1004 2099 1039 2134 et
1069 2105 1179 2151 quae
1208 2086 1378 2132 occasio
1404 2085 1504 2131 data

195 2177 351 2234 fuerit⁷
416 2177 541 2222 etiam
589 2175 672 2221 hoc
718 2186 832 2221 recte
868 2174 974 2220 mihi
1019 2173 1180 2220 videris
1208 2171 1501 2237 explicuisse.

193 2265 360 2329 Nempe
406 2263 657 2310 inferiae
698 2261 953 2318 heroum,
1014 2261 1057 2307 iu
1105 2260 1267 2321 Magna
1315 2260 1503 2305 Graecia

195 2352 320 2397 etiam
356 2351 547 2398 sanctius
584 2350 863 2406 observatae⁷
921 2367 1050 2412 quani
1085 2347 1128 2392 in
1169 2346 1353 2393 Graecia
1391 2347 1500 2392 anti-

194 2457 304 2502 qua,
341 2457 483 2485 annua
515 2437 749 2499 religione,
787 2447 827 2483 et
861 2435 1095 2500 praecipue
1128 2452 1260 2480 verno
1290 2444 1499 2497 tempore,

191 2544 352 2587 magno
385 2526 628 2589 agebantur
657 2523 891 2588 splendore
924 2533 964 2568 et
995 2532 1218 2586 apparatu.
1287 2519 1359 2566 Ad
1384 2518 1500 2564 hunc

192 2610 469 2676 splendorem
518 2610 769 2675 augendum
818 2609 925 2655 nihil
976 2606 1343 2654 accommodatius
1393 2617 1497 2661 erat,
