1677 3059
532 242 598 265 -,
705 215 796 262 131
906 242 970 252 —

98 352 299 401 Ceterum
332 349 483 418 steph.
520 353 739 403 οὲλκυόνες
770 351 972 417 scripsit,
1011 356 1131 420 quod
1164 358 1411 407 Atticorum

97 442 173 479 est.
263 433 425 480 Totum
472 432 608 497 igitur
653 432 946 497 fragmentum
992 434 1053 483 ita
1104 439 1411 488 concinnatum

94 511 231 560 fuisse
269 513 480 578 conjicio:

325 596 419 643 Τοῦ
432 598 515 651 μὲν
534 595 795 642 πετάλοισιν
815 598 887 640 ἐπ’
913 599 1215 658 ἀκροτάτοισι

157 676 346 726 ξανθοῖς
373 679 624 726 πανέλοπες
647 675 1005 741 [παμ]ποικίλοι
1035 681 1324 746 αἰολὸδειροι,

154 755 372 806 ἀλκυόνες
393 759 444 801 θ’
472 758 827 819 άλιπορφυρίδές
857 775 906 802 τε
941 760 1226 822 τανύπτεροι.

196 1071 339 1136 Cujus
363 1071 552 1136 quidem
556 1072 704 1136 foliis
724 1073 773 1117 in
792 1073 988 1119 summis
1013 1074 1278 1137 quaestam
1297 1085 1406 1121 sunt

80 1151 327 1216 penelopes
375 1153 532 1198 variae
570 1154 709 1216 pictis
751 1152 882 1199 collis
927 1152 1233 1217 alcyonesque
1279 1152 1402 1200 hali-

80 1230 486 1297 porphyridesque
519 1233 739 1296 expansis
769 1233 872 1279 alis.

208 1316 409 1364 Ceterum
440 1336 552 1383 quae
585 1317 639 1365 de
675 1317 744 1364 his
777 1317 931 1365 avibus
965 1319 1143 1366 marinis
1173 1319 1400 1383 praedica-

84 1400 145 1447 vit
173 1409 303 1465 poeta
326 1397 557 1463 Rheginus
590 1398 719 1465 plane
755 1399 1017 1447 conveniunt
1047 1401 1092 1447 in
1125 1418 1277 1446 corvos
1307 1419 1399 1447 nia-

87 1479 237 1536 rinos,
283 1477 434 1543 quales
465 1498 564 1526 vere
598 1480 821 1545 praeteriti
854 1480 955 1527 anni
992 1480 1038 1527 in
1076 1480 1219 1527 insula
1253 1482 1398 1545 Rugia

90 1559 302 1607 immensa
338 1560 464 1624 copia
499 1571 787 1623 congregatos
815 1560 952 1607 fuisse
976 1573 1218 1608 memorant
1249 1561 1396 1610 literae

89 1639 328 1688 Sundinae.
398 1640 510 1687 Nam
542 1651 583 1688 et
617 1640 663 1687 hi
698 1640 746 1687 in
778 1641 959 1688 summis
991 1641 1242 1706 quercubus
1266 1643 1394 1691 nidos

87 1720 309 1778 fecerunt,
357 1720 479 1786 quod
510 1721 710 1769 mirabile
748 1720 905 1768 accidit
935 1722 980 1769 in
1014 1723 1167 1770 avibus
1199 1725 1394 1783 marinis,

90 1799 310 1865 iidemque
334 1800 477 1849 colore
503 1803 622 1849 vario
643 1820 917 1868 proceroque
941 1802 1050 1850 collo
1073 1804 1272 1851 instructi
1293 1824 1394 1870 per-

87 1879 297 1929 hibentur
327 1900 434 1932 esse.
501 1883 693 1933 Videant
725 1883 867 1931 axium
900 1883 1145 1948 peritiores,
