<?xml version="1.0" encoding="UTF-8"?>
<!DOCTYPE html PUBLIC "-//W3C//DTD XHTML 1.0 Transitional//EN"
    "http://www.w3.org/TR/xhtml1/DTD/xhtml1-transitional.dtd">
<html xmlns="http://www.w3.org/1999/xhtml" xml:lang="en" lang="en">
 <head>
  <title>
</title>
<meta http-equiv="Content-Type" content="text/html;charset=utf-8" />
  <meta name='ocr-system' content='tesseract 3.04.00' />
  <meta name='ocr-capabilities' content='ocr_page ocr_carea ocr_par ocr_line ocrx_word'/>
</head>
<body>
  <div class='ocr_page' id='page_1' title='image "./ibycirheginicarm00schnuoft_0215.png"; bbox 0 0 1677 3059; ppageno 0'>
   <div class='ocr_carea' id='block_1_1' title="bbox 537 144 969 221">
    <p class='ocr_par' dir='ltr' id='par_1_1' title="bbox 537 144 969 221">
     <span class='ocr_line' id='line_1_1' title="bbox 537 144 969 221; baseline -0.002 0"><span class='ocrx_word' id='word_1_1' title='bbox 537 144 801 221; x_wconf 44' lang='lat'>—&#39;185</span> <span class='ocrx_word' id='word_1_2' title='bbox 905 201 969 208; x_wconf 89' lang='lat'><em>-</em></span> 
     </span>
    </p>
   </div>
   <div class='ocr_carea' id='block_1_2' title="bbox 105 311 1448 2634">
    <p class='ocr_par' dir='ltr' id='par_1_2' title="bbox 105 311 1448 2634">
     <span class='ocr_line' id='line_1_2' title="bbox 105 311 1409 378; baseline -0.006 -14"><span class='ocrx_word' id='word_1_3' title='bbox 105 332 187 364; x_wconf 90' lang='lat' dir='ltr'><strong>res.</strong></span> <span class='ocrx_word' id='word_1_4' title='bbox 254 314 462 362; x_wconf 85' lang='lat' dir='ltr'>Heinsius</span> <span class='ocrx_word' id='word_1_5' title='bbox 495 314 609 361; x_wconf 82' lang='lat' dir='ltr'><strong>enim</strong></span> <span class='ocrx_word' id='word_1_6' title='bbox 630 313 741 364; x_wconf 79' lang='lat' dir='ltr'><strong>lectt.</strong></span> <span class='ocrx_word' id='word_1_7' title='bbox 774 311 957 378; x_wconf 75' lang='lat' dir='ltr'><strong>Theocr.</strong></span> <span class='ocrx_word' id='word_1_8' title='bbox 994 330 1034 377; x_wconf 93' lang='lat' dir='ltr'><em>p.</em></span> <span class='ocrx_word' id='word_1_9' title='bbox 1056 314 1163 361; x_wconf 78' lang='lat'>306.</span> <span class='ocrx_word' id='word_1_10' title='bbox 1203 319 1297 364; x_wconf 83' lang='grc' dir='ltr'><em>Ὀλ.</em></span> <span class='ocrx_word' id='word_1_11' title='bbox 1320 320 1409 364; x_wconf 79' lang='grc' dir='ltr'><em>πά-</em></span> 
     </span>
     <span class='ocr_line' id='line_1_3' title="bbox 105 393 1410 460; baseline 0 -17"><span class='ocrx_word' id='word_1_12' title='bbox 105 404 223 460; x_wconf 74' lang='grc' dir='ltr'><em>λης,·</em></span> <span class='ocrx_word' id='word_1_13' title='bbox 270 396 528 443; x_wconf 87' lang='lat' dir='ltr'><strong>Wartonus</strong></span> <span class='ocrx_word' id='word_1_14' title='bbox 564 407 704 442; x_wconf 82' lang='lat' dir='ltr'><strong>autem</strong></span> <span class='ocrx_word' id='word_1_15' title='bbox 737 411 872 459; x_wconf 89' lang='lat' dir='ltr'>quum</span> <span class='ocrx_word' id='word_1_16' title='bbox 907 393 1043 440; x_wconf 82' lang='lat' dir='ltr'><strong>Vatic.</strong></span> <span class='ocrx_word' id='word_1_17' title='bbox 1080 395 1122 441; x_wconf 90' lang='lat'><em>5.</em></span> <span class='ocrx_word' id='word_1_18' title='bbox 1161 398 1310 455; x_wconf 83' lang='grc' dir='ltr'><em>φάλης</em></span> <span class='ocrx_word' id='word_1_19' title='bbox 1342 396 1410 443; x_wconf 85' lang='lat' dir='ltr'><em>of-</em></span> 
     </span>
     <span class='ocr_line' id='line_1_4' title="bbox 106 475 1412 542; baseline 0 -18"><span class='ocrx_word' id='word_1_20' title='bbox 106 476 221 524; x_wconf 85' lang='lat' dir='ltr'><strong>ferre</strong></span> <span class='ocrx_word' id='word_1_21' title='bbox 271 477 532 542; x_wconf 87' lang='lat' dir='ltr'><strong>accepisset,</strong></span> <span class='ocrx_word' id='word_1_22' title='bbox 593 475 823 541; x_wconf 86' lang='lat' dir='ltr'>proposuit</span> <span class='ocrx_word' id='word_1_23' title='bbox 866 481 998 533; x_wconf 83' lang='grc' dir='ltr'><em>φίλης</em></span> <span class='ocrx_word' id='word_1_24' title='bbox 1009 510 1027 538; x_wconf 73' lang='lat'><em>‚</em></span> <span class='ocrx_word' id='word_1_25' title='bbox 1084 475 1139 521; x_wconf 80' lang='lat' dir='ltr'><em>de</em></span> <span class='ocrx_word' id='word_1_26' title='bbox 1187 478 1412 542; x_wconf 77' lang='lat' dir='ltr'><em>Olympia</em></span> 
     </span>
     <span class='ocr_line' id='line_1_5' title="bbox 109 555 1413 621; baseline 0.001 -17"><span class='ocrx_word' id='word_1_27' title='bbox 109 560 319 615; x_wconf 80' lang='lat' dir='ltr'><em>amasia,</em></span> <span class='ocrx_word' id='word_1_28' title='bbox 368 576 423 605; x_wconf 89' lang='lat' dir='ltr'><strong>ne</strong></span> <span class='ocrx_word' id='word_1_29' title='bbox 460 557 622 605; x_wconf 79' lang='lat' dir='ltr'><strong>scilicet</strong></span> <span class='ocrx_word' id='word_1_30' title='bbox 654 565 783 621; x_wconf 82' lang='lat' dir='ltr'><strong>poeta</strong></span> <span class='ocrx_word' id='word_1_31' title='bbox 826 565 992 600; x_wconf 85' lang='lat' dir='ltr'><strong>amator</strong></span> <span class='ocrx_word' id='word_1_32' title='bbox 1028 555 1082 601; x_wconf 83' lang='lat' dir='ltr'><em>ab</em></span> <span class='ocrx_word' id='word_1_33' title='bbox 1119 557 1298 621; x_wconf 82' lang='lat' dir='ltr'><strong>ingenio</strong></span> <span class='ocrx_word' id='word_1_34' title='bbox 1331 576 1413 605; x_wconf 90' lang='lat' dir='ltr'><em>suo</em></span> 
     </span>
     <span class='ocr_line' id='line_1_6' title="bbox 111 635 1415 703; baseline -0.001 -17"><span class='ocrx_word' id='word_1_35' title='bbox 111 638 400 703; x_wconf 82' lang='lat' dir='ltr'><strong>degenerasse</strong></span> <span class='ocrx_word' id='word_1_36' title='bbox 443 637 683 694; x_wconf 82' lang='lat' dir='ltr'><strong>videretur,</strong></span> <span class='ocrx_word' id='word_1_37' title='bbox 734 652 845 700; x_wconf 86' lang='lat' dir='ltr'><strong>quae</strong></span> <span class='ocrx_word' id='word_1_38' title='bbox 893 646 934 681; x_wconf 84' lang='lat' dir='ltr'><strong>et</strong></span> <span class='ocrx_word' id='word_1_39' title='bbox 978 635 1125 701; x_wconf 86' lang='lat' dir='ltr'><strong>inepta</strong></span> <span class='ocrx_word' id='word_1_40' title='bbox 1166 638 1415 703; x_wconf 86' lang='lat' dir='ltr'><strong>conjectura</strong></span> 
     </span>
     <span class='ocr_line' id='line_1_7' title="bbox 112 716 1415 782; baseline 0 -15"><span class='ocrx_word' id='word_1_41' title='bbox 112 730 178 767; x_wconf 88' lang='lat' dir='ltr'><strong>est</strong></span> <span class='ocrx_word' id='word_1_42' title='bbox 220 731 259 767; x_wconf 89' lang='lat' dir='ltr'><strong>et</strong></span> <span class='ocrx_word' id='word_1_43' title='bbox 301 719 419 782; x_wconf 84' lang='lat' dir='ltr'><strong>leges</strong></span> <span class='ocrx_word' id='word_1_44' title='bbox 464 716 629 763; x_wconf 85' lang='lat' dir='ltr'><strong>violans</strong></span> <span class='ocrx_word' id='word_1_45' title='bbox 674 716 1015 773; x_wconf 82' lang='lat' dir='ltr'><strong>Grammaticae3</strong></span> <span class='ocrx_word' id='word_1_46' title='bbox 1075 717 1265 766; x_wconf 84' lang='lat' dir='ltr'><strong>debebat</strong></span> <span class='ocrx_word' id='word_1_47' title='bbox 1299 720 1415 766; x_wconf 82' lang='lat' dir='ltr'><strong>enim</strong></span> 
     </span>
     <span class='ocr_line' id='line_1_8' title="bbox 113 798 1418 861; baseline 0 -14"><span class='ocrx_word' id='word_1_48' title='bbox 113 799 330 848; x_wconf 85' lang='lat' dir='ltr'><strong>scribere:</strong></span> <span class='ocrx_word' id='word_1_49' title='bbox 378 802 480 860; x_wconf 68' lang='grc' dir='ltr'><em>περὶ</em></span> <span class='ocrx_word' id='word_1_50' title='bbox 520 800 601 856; x_wconf 82' lang='grc' dir='ltr'><em>τῆς</em></span> <span class='ocrx_word' id='word_1_51' title='bbox 640 802 735 846; x_wconf 86' lang='grc' dir='ltr'><em>Ὀλ.</em></span> <span class='ocrx_word' id='word_1_52' title='bbox 780 798 859 855; x_wconf 83' lang='grc' dir='ltr'><em>τῆς</em></span> <span class='ocrx_word' id='word_1_53' title='bbox 903 804 1035 858; x_wconf 84' lang='grc' dir='ltr'><em>φίλης</em></span> <span class='ocrx_word' id='word_1_54' title='bbox 1069 799 1135 846; x_wconf 89' lang='lat' dir='ltr'><strong>vel</strong></span> <span class='ocrx_word' id='word_1_55' title='bbox 1169 803 1250 857; x_wconf 84' lang='grc' dir='ltr'><em>τῆς</em></span> <span class='ocrx_word' id='word_1_56' title='bbox 1285 807 1418 861; x_wconf 83' lang='grc' dir='ltr'><strong><em>φίλης</em></strong></span> 
     </span>
     <span class='ocr_line' id='line_1_9' title="bbox 112 879 1418 944; baseline 0.001 -18"><span class='ocrx_word' id='word_1_57' title='bbox 112 882 378 936; x_wconf 86' lang='grc' dir='ltr'><em>Ὀλυμπίας.</em></span> <span class='ocrx_word' id='word_1_58' title='bbox 445 879 610 944; x_wconf 86' lang='lat' dir='ltr'><strong>Nempe</strong></span> <span class='ocrx_word' id='word_1_59' title='bbox 634 889 882 924; x_wconf 83' lang='lat' dir='ltr'><strong>narraverat</strong></span> <span class='ocrx_word' id='word_1_60' title='bbox 912 889 1041 944; x_wconf 86' lang='lat' dir='ltr'><strong>poeta</strong></span> <span class='ocrx_word' id='word_1_61' title='bbox 1076 879 1260 928; x_wconf 85' lang='lat' dir='ltr'><strong>eandem</strong></span> <span class='ocrx_word' id='word_1_62' title='bbox 1288 880 1418 927; x_wconf 85' lang='lat' dir='ltr'><strong>sabu-</strong></span> 
     </span>
     <span class='ocr_line' id='line_1_10' title="bbox 114 957 1422 1029; baseline 0.002 -24"><span class='ocrx_word' id='word_1_63' title='bbox 114 957 223 1016; x_wconf 85' lang='lat' dir='ltr'><strong>lam,</strong></span> <span class='ocrx_word' id='word_1_64' title='bbox 260 959 315 1006; x_wconf 91' lang='lat' dir='ltr'><strong>de</strong></span> <span class='ocrx_word' id='word_1_65' title='bbox 351 976 440 1023; x_wconf 90' lang='lat' dir='ltr'><em>qua</em></span> <span class='ocrx_word' id='word_1_66' title='bbox 473 959 678 1005; x_wconf 88' lang='lat' dir='ltr'><strong>Timaeus</strong></span> <span class='ocrx_word' id='word_1_67' title='bbox 714 978 780 1024; x_wconf 84' lang='lat' dir='ltr'><em>ap.</em></span> <span class='ocrx_word' id='word_1_68' title='bbox 805 959 953 1022; x_wconf 79' lang='lat' dir='ltr'><strong>Antig.</strong></span> <span class='ocrx_word' id='word_1_69' title='bbox 989 961 1156 1029; x_wconf 84' lang='lat' dir='ltr'><strong>Caryst.</strong></span> <span class='ocrx_word' id='word_1_70' title='bbox 1183 962 1287 1008; x_wconf 86' lang='lat'><strong>155.</strong></span> <span class='ocrx_word' id='word_1_71' title='bbox 1323 968 1422 1012; x_wconf 85' lang='grc' dir='ltr'><em>ταῖς</em></span> 
     </span>
     <span class='ocr_line' id='line_1_11' title="bbox 113 1041 1423 1106; baseline -0.001 -18"><span class='ocrx_word' id='word_1_72' title='bbox 113 1042 417 1098; x_wconf 83' lang='grc' dir='ltr'><strong><em>Ὀλυμπικαῖς</em></strong></span> <span class='ocrx_word' id='word_1_73' title='bbox 449 1041 633 1100; x_wconf 73' lang='grc' dir='ltr'><em>ἡμέραις</em></span> <span class='ocrx_word' id='word_1_74' title='bbox 664 1043 776 1087; x_wconf 83' lang='grc' dir='ltr'><em>ὅταν</em></span> <span class='ocrx_word' id='word_1_75' title='bbox 806 1044 852 1085; x_wconf 82' lang='grc' dir='ltr'><em>ἑν</em></span> <span class='ocrx_word' id='word_1_76' title='bbox 885 1042 951 1103; x_wconf 79' lang='grc' dir='ltr'><em>τῷ</em></span> <span class='ocrx_word' id='word_1_77' title='bbox 984 1043 1180 1106; x_wconf 75' lang='grc' dir='ltr'><em>ποταμῷ</em></span> <span class='ocrx_word' id='word_1_78' title='bbox 1209 1043 1423 1089; x_wconf 78' lang='grc' dir='ltr'><em>α’ποπλύ-</em></span> 
     </span>
     <span class='ocr_line' id='line_1_12' title="bbox 115 1119 1420 1186; baseline -0.001 -18"><span class='ocrx_word' id='word_1_79' title='bbox 115 1138 227 1168; x_wconf 87' lang='grc' dir='ltr'><em>νωσι</em></span> <span class='ocrx_word' id='word_1_80' title='bbox 251 1120 329 1186; x_wconf 85' lang='lat' dir='ltr'><strong>(ita</strong></span> <span class='ocrx_word' id='word_1_81' title='bbox 352 1121 466 1168; x_wconf 84' lang='lat' dir='ltr'><strong>enim</strong></span> <span class='ocrx_word' id='word_1_82' title='bbox 493 1119 774 1167; x_wconf 81' lang='lat' dir='ltr'><strong>indicativum</strong></span> <span class='ocrx_word' id='word_1_83' title='bbox 799 1138 907 1166; x_wconf 85' lang='lat' dir='ltr'><strong>corr.</strong></span> <span class='ocrx_word' id='word_1_84' title='bbox 937 1120 1123 1168; x_wconf 86' lang='lat' dir='ltr'><strong>Goeller.</strong></span> <span class='ocrx_word' id='word_1_85' title='bbox 1149 1122 1202 1168; x_wconf 89' lang='lat' dir='ltr'><strong>de</strong></span> <span class='ocrx_word' id='word_1_86' title='bbox 1229 1121 1296 1168; x_wconf 88' lang='lat' dir='ltr'><strong>sit.</strong></span> <span class='ocrx_word' id='word_1_87' title='bbox 1319 1121 1420 1185; x_wconf 88' lang='lat' dir='ltr'><strong>Syr.</strong></span> 
     </span>
     <span class='ocr_line' id='line_1_13' title="bbox 117 1201 1424 1266; baseline 0.002 -20"><span class='ocrx_word' id='word_1_88' title='bbox 117 1218 160 1265; x_wconf 91' lang='lat' dir='ltr'><em>p.</em></span> <span class='ocrx_word' id='word_1_89' title='bbox 197 1203 327 1265; x_wconf 89' lang='grc'>303.)</span> <span class='ocrx_word' id='word_1_90' title='bbox 363 1202 456 1248; x_wconf 74' lang='grc' dir='ltr'><em>τῶν</em></span> <span class='ocrx_word' id='word_1_91' title='bbox 488 1201 717 1256; x_wconf 87' lang='grc' dir='ltr'><em>θυμάτων</em></span> <span class='ocrx_word' id='word_1_92' title='bbox 747 1203 830 1251; x_wconf 90' lang='grc' dir='ltr'><em>τάς</em></span> <span class='ocrx_word' id='word_1_93' title='bbox 864 1208 1065 1266; x_wconf 73' lang='grc' dir='ltr'><em>κοιλίας,</em></span> <span class='ocrx_word' id='word_1_94' title='bbox 1111 1204 1166 1249; x_wconf 83' lang='grc' dir='ltr'><em>οὐ</em></span> <span class='ocrx_word' id='word_1_95' title='bbox 1203 1205 1424 1264; x_wconf 82' lang='grc' dir='ltr'><em>καθαράν</em></span> 
     </span>
     <span class='ocr_line' id='line_1_14' title="bbox 117 1276 1426 1346; baseline 0.002 -19"><span class='ocrx_word' id='word_1_96' title='bbox 117 1276 231 1328; x_wconf 73' lang='grc' dir='ltr'><em>εἶναι</em></span> <span class='ocrx_word' id='word_1_97' title='bbox 263 1283 350 1338; x_wconf 75' lang='grc' dir='ltr'><em>τὴν</em></span> <span class='ocrx_word' id='word_1_98' title='bbox 382 1285 430 1327; x_wconf 82' lang='grc' dir='ltr'><em>ἐν</em></span> <span class='ocrx_word' id='word_1_99' title='bbox 454 1282 513 1340; x_wconf 82' lang='grc' dir='ltr'><em>τῇ</em></span> <span class='ocrx_word' id='word_1_100' title='bbox 542 1287 723 1344; x_wconf 70' lang='grc' dir='ltr'><em>Σικελία</em></span> <span class='ocrx_word' id='word_1_101' title='bbox 758 1283 929 1342; x_wconf 88' lang='grc' dir='ltr'><em>κρήνην</em></span> <span class='ocrx_word' id='word_1_102' title='bbox 938 1317 956 1344; x_wconf 71' lang='grc'>,</span> <span class='ocrx_word' id='word_1_103' title='bbox 993 1285 1117 1329; x_wconf 80' lang='grc' dir='ltr'><em>άλλά</em></span> <span class='ocrx_word' id='word_1_104' title='bbox 1153 1291 1240 1346; x_wconf 77' lang='grc' dir='ltr'><em>ρἐἴν</em></span> <span class='ocrx_word' id='word_1_105' title='bbox 1271 1283 1426 1346; x_wconf 75' lang='grc' dir='ltr'><em>ὄνθῳ·</em></span> 
     </span>
     <span class='ocr_line' id='line_1_15' title="bbox 121 1361 1426 1423; baseline 0.001 -14"><span class='ocrx_word' id='word_1_106' title='bbox 121 1365 298 1422; x_wconf 67' lang='grc' dir='ltr'><em>φησιν</em></span> <span class='ocrx_word' id='word_1_107' title='bbox 331 1366 388 1409; x_wconf 80' lang='grc' dir='ltr'><em>δὲ</em></span> <span class='ocrx_word' id='word_1_108' title='bbox 422 1363 523 1408; x_wconf 81' lang='grc' dir='ltr'><em>καί</em></span> <span class='ocrx_word' id='word_1_109' title='bbox 548 1363 775 1420; x_wconf 84' lang='grc' dir='ltr'><em>φιάλην</em></span> <span class='ocrx_word' id='word_1_110' title='bbox 800 1361 922 1408; x_wconf 75' lang='grc' dir='ltr'><em>ποτ’</em></span> <span class='ocrx_word' id='word_1_111' title='bbox 946 1366 1020 1412; x_wconf 84' lang='grc' dir='ltr'><em>εἰς</em></span> <span class='ocrx_word' id='word_1_112' title='bbox 1052 1364 1152 1409; x_wconf 85' lang='grc' dir='ltr'><em>τὸν</em></span> <span class='ocrx_word' id='word_1_113' title='bbox 1173 1365 1426 1423; x_wconf 81' lang='grc' dir='ltr'><em>Ἀλφειὸν</em></span> 
     </span>
     <span class='ocr_line' id='line_1_16' title="bbox 121 1444 1426 1506; baseline -0.001 -17"><span class='ocrx_word' id='word_1_114' title='bbox 121 1446 623 1506; x_wconf 18' lang='grc' dir='ltr'><em>ἐμβλπηθεῖσανιὲν</em></span> <span class='ocrx_word' id='word_1_115' title='bbox 654 1447 850 1500; x_wconf 80' lang='grc' dir='ltr'><em>ἐκείνῃ</em></span> <span class='ocrx_word' id='word_1_116' title='bbox 887 1444 1169 1500; x_wconf 83' lang='grc' dir='ltr'><em>φανῆναι·</em></span> <span class='ocrx_word' id='word_1_117' title='bbox 1212 1447 1349 1489; x_wconf 85' lang='grc' dir='ltr'><em>τοῦτο</em></span> <span class='ocrx_word' id='word_1_118' title='bbox 1385 1448 1426 1489; x_wconf 82' lang='grc' dir='ltr'><em>δ’</em></span> 
     </span>
     <span class='ocr_line' id='line_1_17' title="bbox 124 1521 1427 1589; baseline -0.002 -19"><span class='ocrx_word' id='word_1_119' title='bbox 124 1528 295 1586; x_wconf 82' lang='grc' dir='ltr'><em>ἱστορεῖ</em></span> <span class='ocrx_word' id='word_1_120' title='bbox 335 1528 416 1570; x_wconf 74' lang='grc' dir='ltr'><em>καί</em></span> <span class='ocrx_word' id='word_1_121' title='bbox 466 1529 662 1579; x_wconf 83' lang='grc' dir='ltr'><em>Τίμαιος.</em></span> <span class='ocrx_word' id='word_1_122' title='bbox 742 1521 946 1568; x_wconf 75' lang='lat' dir='ltr'><em>strabon.</em></span> <span class='ocrx_word' id='word_1_123' title='bbox 982 1523 1067 1579; x_wconf 65' lang='lat' dir='ltr'><em>VI,</em></span> <span class='ocrx_word' id='word_1_124' title='bbox 1103 1542 1146 1589; x_wconf 82' lang='lat' dir='ltr'><em>p.</em></span> <span class='ocrx_word' id='word_1_125' title='bbox 1172 1525 1280 1569; x_wconf 80' lang='lat'><strong>270.</strong></span> <span class='ocrx_word' id='word_1_126' title='bbox 1331 1521 1427 1568; x_wconf 87' lang='lat' dir='ltr'><strong>Cas.</strong></span> 
     </span>
     <span class='ocr_line' id='line_1_18' title="bbox 125 1597 1433 1665; baseline -0.001 -14"><span class='ocrx_word' id='word_1_127' title='bbox 125 1605 390 1652; x_wconf 82' lang='grc' dir='ltr'><em>Μυθεύουσι</em></span> <span class='ocrx_word' id='word_1_128' title='bbox 421 1605 502 1650; x_wconf 84' lang='grc' dir='ltr'><em>τὸν</em></span> <span class='ocrx_word' id='word_1_129' title='bbox 534 1605 729 1663; x_wconf 74' lang='grc' dir='ltr'><em>Ἀλφειὸν</em></span> <span class='ocrx_word' id='word_1_130' title='bbox 751 1597 863 1648; x_wconf 77' lang='grc' dir='ltr'><em>εἶναι.</em></span> <span class='ocrx_word' id='word_1_131' title='bbox 896 1604 1060 1649; x_wconf 74' lang='grc' dir='ltr'><em>τοῦτον</em></span> <span class='ocrx_word' id='word_1_132' title='bbox 1081 1605 1334 1665; x_wconf 70' lang='grc' dir='ltr'><em>ἀρχόμενον</em></span> <span class='ocrx_word' id='word_1_133' title='bbox 1351 1608 1433 1660; x_wconf 73' lang='grc' dir='ltr'><em>μὲν</em></span> 
     </span>
     <span class='ocr_line' id='line_1_19' title="bbox 127 1684 1429 1744; baseline -0.002 -12"><span class='ocrx_word' id='word_1_134' title='bbox 127 1686 222 1732; x_wconf 76' lang='grc' dir='ltr'><em>άπὸ</em></span> <span class='ocrx_word' id='word_1_135' title='bbox 251 1685 332 1741; x_wconf 81' lang='grc' dir='ltr'><em>τῆς</em></span> <span class='ocrx_word' id='word_1_136' title='bbox 364 1686 744 1744; x_wconf 80' lang='grc' dir='ltr'><em>Πελοποννήσου,</em></span> <span class='ocrx_word' id='word_1_137' title='bbox 781 1684 857 1729; x_wconf 80' lang='grc' dir='ltr'><em>διά</em></span> <span class='ocrx_word' id='word_1_138' title='bbox 891 1688 939 1730; x_wconf 80' lang='grc' dir='ltr'><em>δὲ</em></span> <span class='ocrx_word' id='word_1_139' title='bbox 967 1685 1051 1728; x_wconf 80' lang='grc' dir='ltr'><em>τοῦ</em></span> <span class='ocrx_word' id='word_1_140' title='bbox 1086 1686 1310 1744; x_wconf 82' lang='grc' dir='ltr'><em>πελάγους</em></span> <span class='ocrx_word' id='word_1_141' title='bbox 1338 1685 1429 1730; x_wconf 77' lang='grc' dir='ltr'><em>ὑπὸ</em></span> 
     </span>
     <span class='ocr_line' id='line_1_20' title="bbox 127 1766 1433 1828; baseline -0.002 -15"><span class='ocrx_word' id='word_1_142' title='bbox 127 1783 211 1828; x_wconf 77' lang='grc' dir='ltr'><em>γης</em></span> <span class='ocrx_word' id='word_1_143' title='bbox 241 1766 294 1812; x_wconf 87' lang='grc' dir='ltr'><em>τὸ</em></span> <span class='ocrx_word' id='word_1_144' title='bbox 330 1771 510 1827; x_wconf 77' lang='grc' dir='ltr'><em>ῥεῖθρον</em></span> <span class='ocrx_word' id='word_1_145' title='bbox 531 1770 697 1819; x_wconf 77' lang='grc' dir='ltr'><em>ἔχοντα</em></span> <span class='ocrx_word' id='word_1_146' title='bbox 717 1782 846 1825; x_wconf 68' lang='grc' dir='ltr'><em>μεχρι</em></span> <span class='ocrx_word' id='word_1_147' title='bbox 881 1766 992 1826; x_wconf 83' lang='grc' dir='ltr'><em>πρὸς</em></span> <span class='ocrx_word' id='word_1_148' title='bbox 1025 1766 1111 1820; x_wconf 79' lang='grc' dir='ltr'><em>τήν</em></span> <span class='ocrx_word' id='word_1_149' title='bbox 1142 1770 1433 1827; x_wconf 74' lang='grc' dir='ltr'><em>Ἀρέθουσαν,</em></span> 
     </span>
     <span class='ocr_line' id='line_1_21' title="bbox 129 1841 1434 1902; baseline -0.003 -8"><span class='ocrx_word' id='word_1_150' title='bbox 129 1841 207 1894; x_wconf 78' lang='grc' dir='ltr'><em>εἶτ’</em></span> <span class='ocrx_word' id='word_1_151' title='bbox 255 1845 496 1894; x_wconf 79' lang='grc' dir='ltr'><em>ἐκδιδόντα</em></span> <span class='ocrx_word' id='word_1_152' title='bbox 546 1850 726 1893; x_wconf 72' lang='grc' dir='ltr'><em>ἐνθένδε</em></span> <span class='ocrx_word' id='word_1_153' title='bbox 765 1847 903 1891; x_wconf 87' lang='grc' dir='ltr'><em>πάλιν</em></span> <span class='ocrx_word' id='word_1_154' title='bbox 946 1850 1002 1895; x_wconf 78' lang='grc' dir='ltr'><em>εἰς</em></span> <span class='ocrx_word' id='word_1_155' title='bbox 1045 1847 1131 1902; x_wconf 82' lang='grc' dir='ltr'><em>τήν</em></span> <span class='ocrx_word' id='word_1_156' title='bbox 1173 1846 1434 1891; x_wconf 82' lang='grc' dir='ltr'><em>θάλατταν.</em></span> 
     </span>
     <span class='ocr_line' id='line_1_22' title="bbox 133 1925 1438 1988; baseline -0.004 -14"><span class='ocrx_word' id='word_1_157' title='bbox 133 1928 490 1988; x_wconf 81' lang='grc' dir='ltr'><em>Τεκμηριοῦνται</em></span> <span class='ocrx_word' id='word_1_158' title='bbox 532 1932 580 1974; x_wconf 80' lang='grc' dir='ltr'><em>δε</em></span> <span class='ocrx_word' id='word_1_159' title='bbox 622 1926 843 1976; x_wconf 83' lang='grc' dir='ltr'><em>τοιούτοις</em></span> <span class='ocrx_word' id='word_1_160' title='bbox 886 1933 987 1973; x_wconf 82' lang='grc' dir='ltr'><em>τισι.</em></span> <span class='ocrx_word' id='word_1_161' title='bbox 1068 1927 1166 1972; x_wconf 79' lang='grc' dir='ltr'><em>Καί</em></span> <span class='ocrx_word' id='word_1_162' title='bbox 1198 1927 1289 1986; x_wconf 76' lang='grc' dir='ltr'><em>γάρ</em></span> <span class='ocrx_word' id='word_1_163' title='bbox 1332 1925 1438 1984; x_wconf 76' lang='grc' dir='ltr'><em>(μά-</em></span> 
     </span>
     <span class='ocr_line' id='line_1_23' title="bbox 132 2007 1439 2064; baseline -0.002 -10"><span class='ocrx_word' id='word_1_164' title='bbox 132 2014 219 2064; x_wconf 85' lang='grc' dir='ltr'><em>λην</em></span> <span class='ocrx_word' id='word_1_165' title='bbox 246 2024 350 2054; x_wconf 87' lang='grc' dir='ltr'><em>τινα</em></span> <span class='ocrx_word' id='word_1_166' title='bbox 382 2010 672 2055; x_wconf 77' lang='grc' dir='ltr'><em>ἐκπεσοῦσαν.</em></span> <span class='ocrx_word' id='word_1_167' title='bbox 697 2011 753 2056; x_wconf 85' lang='grc' dir='ltr'><em>εἰς</em></span> <span class='ocrx_word' id='word_1_168' title='bbox 786 2008 867 2054; x_wconf 87' lang='grc' dir='ltr'><em>τὸν</em></span> <span class='ocrx_word' id='word_1_169' title='bbox 900 2007 1114 2062; x_wconf 82' lang='grc' dir='ltr'><em>ποταμὸν</em></span> <span class='ocrx_word' id='word_1_170' title='bbox 1144 2007 1360 2061; x_wconf 81' lang='grc' dir='ltr'><em>ἐνόμισαν</em></span> <span class='ocrx_word' id='word_1_171' title='bbox 1392 2008 1439 2051; x_wconf 77' lang='grc' dir='ltr'><em>ἐν</em></span> 
     </span>
     <span class='ocr_line' id='line_1_24' title="bbox 134 2087 1439 2151; baseline -0.003 -16"><span class='ocrx_word' id='word_1_172' title='bbox 134 2092 366 2151; x_wconf 72' lang='grc' dir='ltr'><em>Ὀλυμπίᾳ</em></span> <span class='ocrx_word' id='word_1_173' title='bbox 398 2090 527 2150; x_wconf 81' lang='grc' dir='ltr'><em>δεῦρο</em></span> <span class='ocrx_word' id='word_1_174' title='bbox 561 2089 865 2145; x_wconf 76' lang='grc' dir='ltr'><em>ἀνενεχθῆναι</em></span> <span class='ocrx_word' id='word_1_175' title='bbox 899 2092 955 2136; x_wconf 84' lang='grc' dir='ltr'><em>εἰς</em></span> <span class='ocrx_word' id='word_1_176' title='bbox 989 2088 1073 2143; x_wconf 82' lang='grc' dir='ltr'><em>τήν</em></span> <span class='ocrx_word' id='word_1_177' title='bbox 1108 2088 1307 2147; x_wconf 83' lang='grc' dir='ltr'><em>κρήνην·</em></span> <span class='ocrx_word' id='word_1_178' title='bbox 1358 2087 1439 2132; x_wconf 74' lang='grc' dir='ltr'><em>καί</em></span> 
     </span>
     <span class='ocr_line' id='line_1_25' title="bbox 137 2168 1439 2230; baseline -0.002 -16"><span class='ocrx_word' id='word_1_179' title='bbox 137 2169 403 2214; x_wconf 82' lang='grc' dir='ltr'><em>θολοῦσθαι</em></span> <span class='ocrx_word' id='word_1_180' title='bbox 423 2171 517 2216; x_wconf 77' lang='grc' dir='ltr'><em>ἀπὸ</em></span> <span class='ocrx_word' id='word_1_181' title='bbox 538 2172 630 2216; x_wconf 76' lang='grc' dir='ltr'><em>τῶν</em></span> <span class='ocrx_word' id='word_1_182' title='bbox 652 2173 699 2215; x_wconf 79' lang='grc' dir='ltr'><em>ἐν</em></span> <span class='ocrx_word' id='word_1_183' title='bbox 722 2174 955 2230; x_wconf 64' lang='grc' dir='ltr'><em>Ὀλυμπίᾳ</em></span> <span class='ocrx_word' id='word_1_184' title='bbox 978 2168 1252 2230; x_wconf 78' lang='grc' dir='ltr'><em>βουθυσιῶν.</em></span> <span class='ocrx_word' id='word_1_185' title='bbox 1307 2168 1366 2214; x_wconf 81' lang='lat'><em>‘¹0</em></span> <span class='ocrx_word' id='word_1_186' title='bbox 1391 2183 1439 2212; x_wconf 88' lang='grc' dir='ltr'><em>τε</em></span> 
     </span>
     <span class='ocr_line' id='line_1_26' title="bbox 138 2247 1438 2311; baseline -0.003 -15"><span class='ocrx_word' id='word_1_187' title='bbox 138 2254 360 2310; x_wconf 84' lang='grc' dir='ltr'><em>Πίνδαρος</em></span> <span class='ocrx_word' id='word_1_188' title='bbox 379 2251 710 2297; x_wconf 72' lang='grc' dir='ltr'><em>ἐπακολουθῶν</em></span> <span class='ocrx_word' id='word_1_189' title='bbox 730 2249 905 2298; x_wconf 82' lang='grc' dir='ltr'><em>τούτοις</em></span> <span class='ocrx_word' id='word_1_190' title='bbox 925 2251 1083 2309; x_wconf 80' lang='grc' dir='ltr'><em>εἴρηκε.</em></span> <span class='ocrx_word' id='word_1_191' title='bbox 1149 2248 1290 2311; x_wconf 83' lang='lat' dir='ltr'><strong>(Nem.</strong></span> <span class='ocrx_word' id='word_1_192' title='bbox 1314 2247 1349 2304; x_wconf 85' lang='lat' dir='ltr'><em>l,</em></span> <span class='ocrx_word' id='word_1_193' title='bbox 1375 2247 1438 2310; x_wconf 89' lang='lat'><em>1.)</em></span> 
     </span>
     <span class='ocr_line' id='line_1_27' title="bbox 262 2329 922 2388; baseline -0.008 -10"><span class='ocrx_word' id='word_1_194' title='bbox 262 2329 519 2385; x_wconf 77' lang='grc' dir='ltr'><em>Ἄμπνευμα</em></span> <span class='ocrx_word' id='word_1_195' title='bbox 551 2332 713 2386; x_wconf 84' lang='grc' dir='ltr'><em>σεμνὸν</em></span> <span class='ocrx_word' id='word_1_196' title='bbox 741 2330 922 2388; x_wconf 72' lang='grc' dir='ltr'><em>Ἀλφεοῦ</em></span> 
     </span>
     <span class='ocr_line' id='line_1_28' title="bbox 271 2411 1240 2469; baseline -0.005 -13"><span class='ocrx_word' id='word_1_197' title='bbox 271 2411 463 2456; x_wconf 80' lang='grc' dir='ltr'><em>Κλεινάν</em></span> <span class='ocrx_word' id='word_1_198' title='bbox 495 2414 793 2469; x_wconf 78' lang='grc' dir='ltr'><em>Συρακοσσᾶν</em></span> <span class='ocrx_word' id='word_1_199' title='bbox 826 2411 973 2458; x_wconf 84' lang='grc' dir='ltr'><em>θάλος</em></span> <span class='ocrx_word' id='word_1_200' title='bbox 1007 2412 1240 2468; x_wconf 80' lang='grc' dir='ltr'><em>Ὀρτυγία.</em></span> 
     </span>
     <span class='ocr_line' id='line_1_29' title="bbox 144 2490 1446 2553; baseline 0 -16"><span class='ocrx_word' id='word_1_201' title='bbox 144 2496 540 2549; x_wconf 80' lang='grc' dir='ltr'><em>Συναποφαίνεται</em></span> <span class='ocrx_word' id='word_1_202' title='bbox 572 2494 620 2536; x_wconf 80' lang='grc' dir='ltr'><em>δὲ</em></span> <span class='ocrx_word' id='word_1_203' title='bbox 653 2493 718 2553; x_wconf 75' lang='grc' dir='ltr'><em>τῷ</em></span> <span class='ocrx_word' id='word_1_204' title='bbox 741 2491 952 2551; x_wconf 72' lang='grc' dir='ltr'><em>Πινδάρῳ</em></span> <span class='ocrx_word' id='word_1_205' title='bbox 979 2490 1133 2534; x_wconf 84' lang='grc' dir='ltr'><em>ταύτά</em></span> <span class='ocrx_word' id='word_1_206' title='bbox 1157 2490 1245 2533; x_wconf 77' lang='grc' dir='ltr'><em>καί.</em></span> <span class='ocrx_word' id='word_1_207' title='bbox 1264 2495 1446 2542; x_wconf 77' lang='grc' dir='ltr'><em>Τίμαιος</em></span> 
     </span>
     <span class='ocr_line' id='line_1_30' title="bbox 143 2566 1448 2634; baseline -0.006 -15"><span class='ocrx_word' id='word_1_208' title='bbox 143 2575 171 2619; x_wconf 83' lang='grc' dir='ltr'>ὁ</span> <span class='ocrx_word' id='word_1_209' title='bbox 204 2571 504 2632; x_wconf 76' lang='grc' dir='ltr'><em>συγγραφεύς.</em></span> <span class='ocrx_word' id='word_1_210' title='bbox 584 2569 640 2615; x_wconf 89' lang='lat' dir='ltr'><em>Et</em></span> <span class='ocrx_word' id='word_1_211' title='bbox 674 2571 854 2634; x_wconf 86' lang='lat' dir='ltr'><strong>posthac</strong></span> <span class='ocrx_word' id='word_1_212' title='bbox 890 2586 982 2617; x_wconf 89' lang='lat' dir='ltr'><strong>rem</strong></span> <span class='ocrx_word' id='word_1_213' title='bbox 1027 2566 1173 2613; x_wconf 87' lang='lat' dir='ltr'><strong>studet</strong></span> <span class='ocrx_word' id='word_1_214' title='bbox 1208 2566 1448 2629; x_wconf 79' lang='lat' dir='ltr'><strong>infringere</strong></span> 
     </span>
    </p>
   </div>
  </div>
 </body>
</html>
