1677 3059
557 246 620 252 -.
740 214 801 261 45
927 246 991 253 .-

122 357 369 420 sung-uere,
404 357 545 404 utrius
580 355 754 403 tandem
787 368 899 403 esset
930 356 1000 413 id,
1048 358 1169 422 quod
1203 359 1249 405 in
1283 363 1421 408 mani-

119 437 206 484 bus
239 435 476 496 haberent,
510 438 608 504 ipsa
634 437 902 485 tractationis
924 437 1208 486 similitudine
1234 440 1419 489 fallente.

119 517 267 580 Quam
288 529 484 567 nostram
514 518 769 566 sententiam
794 530 843 565 ut
866 518 1152 577 stabiliamus,
1186 520 1425 569 videndum

119 610 207 658 est,
252 618 360 647 num
404 618 455 647 ex
492 599 684 662 vestigiis
720 598 986 664 quibusdam
1019 600 1205 667 Ibycum
1246 620 1423 668 quoque

118 679 249 727 ludos
283 679 428 728 Peliae
462 680 691 745 scripsisse
722 697 936 726 eruamus.

241 760 406 808 Zenob.
430 761 582 807 Provv.
607 761 662 818 II,
691 761 764 808 45.
807 763 945 820 Ἀγών
964 762 1195 823 πρόφασιν
1217 770 1305 812 οὐκ
1327 770 1422 812 ἑπι-

119 849 319 898 δέχεται.
363 844 390 890 o‘
422 848 578 889 Μίλων
609 845 636 889 o‘
671 844 1069 904 παροιμιογράφος
1099 843 1305 904 Ἰβύκειον
1338 849 1424 903 τήν

119 928 371 984 παροιμίαν
400 924 577 979 ταύτην
612 926 781 984 φησίν,
822 925 881 972 (ὃς
915 924 1100 984 πρώτου
1133 933 1422 984 χρησαμένου

116 1007 201 1051 τοῦ
232 1004 417 1067 Ἰβύκου.
497 1003 623 1066 Quae
657 1015 880 1068 praeterea
912 1002 1040 1064 frgm.
1075 1004 1224 1051 XXIII
1256 1005 1424 1054 adscri-

115 1084 310 1149 psimus,
346 1084 736 1133 celebratissimum
763 1083 898 1129 fuisse
933 1083 1217 1147 proverbium
1251 1086 1421 1134 docent.

118 1164 363 1212 Scholiasta
396 1177 540 1213 autem
569 1163 764 1211 Platonis
787 1182 828 1228 p.
858 1165 964 1210 370.
988 1164 1122 1211 Bekk.
1158 1169 1290 1228 οέγών
1311 1171 1424 1230 πρὸ-

119 1263 261 1305 φασιν
300 1249 388 1293 οὐκ
431 1251 668 1301 ἅναμὲνει·
719 1247 944 1298 Αἰσχύλος
983 1251 1032 1293 δέ
1070 1264 1181 1305 φησι
1225 1250 1425 1312 Γλαύκῳ

118 1332 318 1372 Ποτνιεῖ.
376 1329 515 1388 Ἀγών
547 1329 637 1388 γὰρ
670 1326 840 1389 ἄνδρας
866 1332 920 1374 οὐ
955 1334 1070 1383 μένει
1103 1334 1422 1383 λελειμμένους.

114 1406 364 1454 Potniensis
400 1417 543 1452 autem
579 1406 773 1453 Glaucus
808 1407 950 1454 fuerat
986 1408 1098 1454 inter
1131 1408 1252 1472 ipsos
1287 1421 1424 1456 certa-

115 1497 232 1534 tores
266 1487 423 1533 horum
457 1487 663 1533 ludorum
697 1487 743 1532 in
778 1486 922 1533 Peliae
957 1488 1254 1535 institutorum
1282 1489 1424 1536 hono-

117 1585 212 1615 rem
243 1567 370 1633 isque
405 1567 460 1614 ab
497 1566 695 1632 equabus
730 1567 776 1613 in
807 1567 999 1615 furorem
1030 1568 1310 1616 exstimulatis
1333 1570 1423 1616 dis-

117 1659 316 1714 cerptus,
370 1667 408 1695 v.
440 1649 675 1695 Hermann.
710 1647 764 1695 dc
788 1648 947 1696 Aesch.
982 1649 1185 1705 Glaucis,
1231 1649 1421 1714 Opuscc.

114 1728 166 1777 Π.
206 1748 250 1795 p.
283 1731 357 1777 62.
448 1729 600 1792 Quum
644 1741 786 1778 autem
831 1729 951 1776 istud
996 1729 1196 1797 Ibycium
1242 1730 1423 1777 effatum

114 1810 245 1874 vulgo
276 1811 426 1858 tritum
461 1821 595 1866 esset,
631 1823 796 1859 certum
829 1823 961 1878 puto,
1005 1810 1273 1877 Aeschylum
1309 1815 1422 1858 hanc

115 1891 372 1938 sententiam
406 1910 457 1939 ex
491 1891 681 1938 carmine
707 1892 860 1959 Ibycio
889 1891 1064 1939 easdem
1088 1910 1158 1939 res
1193 1891 1419 1957 complexo

113 1970 160 2017 in
207 1989 332 2019 suam
366 1971 560 2019 fabulam
606 1972 849 2031 derivasse,
911 1972 988 2036 qui
1030 1972 1183 2039 Ibycia
1228 1973 1419 2020 carmina

114 2052 269 2116 procul
301 2052 440 2100 dubio
463 2054 511 2100 in
542 2053 691 2101 Sicilia
723 2063 965 2115 cognosset.
1034 2053 1237 2101 Forsitan
1268 2053 1322 2101 de
1352 2054 1420 2101 in-

116 2130 285 2180 dustria
316 2132 570 2182 hominibus
606 2134 790 2191 Siculis,
827 2134 942 2180 inter
974 2152 1085 2199 quos
1114 2132 1299 2200 Ibycum
1324 2150 1420 2181 ver-

116 2222 259 2259 satum
291 2213 505 2272 vidimus,
555 2215 875 2279 gratificaturus
910 2215 971 2261 ita
1003 2214 1205 2279 scripsit,
1255 2213 1418 2278 quibus

113 2292 309 2340 fabulam
339 2295 656 2343 transmitteret.
723 2297 784 2343 Ut
817 2295 971 2342 similis
1005 2295 1062 2341 sit
1094 2313 1165 2342 res
1188 2293 1317 2342 Pind.
1346 2294 1416 2341 Ol.

113 2373 192 2432 XI,
231 2373 315 2432 15,
349 2372 428 2420 ubi
460 2374 702 2422 Locrenses
723 2375 1043 2442 Epizephyrios
1077 2375 1249 2440 poetica
1280 2374 1418 2422 facul-

112 2465 198 2502 tate
233 2453 486 2501 excellentes
519 2453 776 2503 laudaturus
810 2468 940 2521 poeta
973 2457 1227 2503 suavissime
1266 2455 1418 2502 alludit

115 2530 180 2581 ad‘
208 2533 428 2601 Cycnum,
467 2551 642 2581 carmen
676 2535 940 2595 Stesichori,
989 2556 1087 2585 cum
1117 2536 1415 2584 Locrensibus

117 2615 351 2681 conjuncti,
389 2613 510 2679 quod
537 2615 712 2679 egregie
735 2616 885 2666 docuit
907 2618 1139 2667 VVelcker.
1165 2617 1293 2664 Jahn.
1320 2617 1414 2664 An-
