1677 3059
701 209 764 216 —
875 178 970 225 134
1073 207 1137 215 -

730 318 959 381 Fragm.
1019 317 1114 365 XV,

393 399 629 446 Herodian.
663 401 764 458 περὶ
797 398 1053 456 σχημάτων
1086 414 1156 462 ap.
1179 394 1346 444 Villois.
1376 395 1575 445 Anecdd.

274 483 372 530 Grr.
410 480 463 537 Π,
500 499 540 544 p.
571 481 646 526 95.
685 479 757 525 96.

401 559 642 607 Schematis
675 558 815 625 lbycii
851 557 1096 624 exemplum
1128 557 1298 623 profert
1331 557 1438 606 hoc:

348 641 662 689 Γλαυκώπιδα
696 642 985 702 Κασσάνδρα
1018 639 1233 701 Πριάμου
1270 640 1411 699 φᾶμις
1450 642 1583 698 ἔχῃσι

1034 721 1225 783 βροτῶν.

273 805 336 851 Ita
373 804 486 850 enim
522 800 734 866 scriptum
763 801 848 847 fuit
888 800 935 847 in
970 799 1067 849 cod.
1098 801 1355 859 Marciano,
1409 820 1459 849 ex
1493 820 1584 866 quo

275 884 469 931 libellum
504 880 625 927 illum
659 880 797 927 edidit
819 880 1132 939 Villoisonius‚
1168 899 1251 947 pro
1277 881 1432 928 vitioso
1456 892 1587 930 Κασ-

276 967 453 1024 σάνδρα
487 971 603 1007 reete
634 961 871 1007 emendans
904 961 1230 1022 Κασσάνδραν.
1308 961 1416 1008 Erat
1445 974 1591 1010 autem

277 1063 413 1110 quum
449 1042 612 1107 aliquot
648 1040 780 1087 verba
806 1052 909 1105 post
935 1039 1249 1101 Κασσάνδραν
1275 1040 1466 1091 obducta
1489 1064 1591 1093 cen-

278 1142 443 1180 serem,
506 1121 574 1168 cui
612 1119 870 1167 incredibile
904 1121 1126 1168 videretur
1169 1120 1356 1188 Ibycum
1389 1141 1479 1170 non
1514 1125 1592 1171 ad-

279 1205 446 1253 didisse
480 1201 546 1249 vel
584 1207 732 1248 παῖδα
765 1200 831 1248 vel
864 1208 1022 1250 τέκνον
1060 1201 1126 1250 vel
1161 1201 1347 1249 similem
1382 1205 1591 1252 voculam.

278 1289 431 1350 Neque
451 1302 560 1331 vana
591 1283 786 1347 suspicio
813 1281 908 1329 fuit.
975 1285 1087 1330 Nam
1115 1283 1203 1329 duo
1234 1284 1362 1331 codd.
1387 1286 1592 1344 Parisini‚

282 1386 393 1433 quos
430 1363 649 1413 consuluit
680 1363 815 1409 Bekk.
851 1362 1051 1410 Anecdd.
1089 1382 1131 1429 p.
1173 1365 1341 1423 1452,
1400 1367 1595 1413 auctiora

281 1448 388 1495 haee
411 1454 728 1510 suggesserunt
751 1444 831 1492 ita:
865 1448 1161 1506 γλαυκώπιδι
1183 1447 1424 1509 κασάνδρα
1446 1452 1598 1509 ἐρασι-

283 1530 526 1585 πλόκαμον
553 1526 696 1586 κόραν
714 1527 941 1586 Πριάμοιο
972 1529 1112 1586 φᾶμις
1137 1529 1202 1580 ἔχ.
1231 1529 1419 1589 βροτῶν.
1470 1527 1597 1589 Quae

284 1609 345 1655 ita
381 1604 656 1654 emendanda
689 1616 918 1670 putamus:

351 1688 666 1734 Γλαυκώπιδα
689 1688 1004 1750 Κασσάνδραν
1024 1688 1399 1749 ἐρασιπλόκαμον
1429 1690 1601 1752 κούραν

1048 1768 1271 1830 Πριάμοιο

355 1849 501 1906 φᾶμις
533 1849 666 1905 ἕχησι
695 1848 883 1911 βροτῶν.

348 1965 1240 1983 ——vU———UV——Vu———UU-§l

423 2077 639 2123 Caesiam
684 2073 1005 2120 Cassandram
1041 2074 1419 2139 pulchricomam
1436 2076 1603 2141 filiam

294 2159 486 2203 Priami
501 2157 653 2219 sama
685 2162 804 2200 tenet
835 2156 1123 2203 mor-taliam.

425 2245 477 2292 V,
512 2243 551 2288 1.
620 2238 894 2286 Vocabulum
928 2244 1279 2305 γλαυκώπιδος,
1337 2241 1405 2288 cui
1441 2242 1603 2306 prima-

296 2324 405 2369 riam
457 2334 496 2368 et
546 2321 771 2386 propriam
818 2319 1181 2383 significationem
1225 2321 1473 2386 splendoris
1517 2323 1604 2368 sive

300 2402 528 2459 candoris,
566 2401 802 2448 derivatam
834 2412 874 2446 et
896 2402 1147 2449 translatam
1176 2403 1356 2450 terroris
1379 2403 1605 2450 inhaerere

303 2483 613 2529 demonstravit
637 2485 778 2529 Lucas
814 2482 868 2527 de
893 2486 1127 2530 Minervae
1151 2503 1358 2547 cognom.
1396 2486 1607 2544 γλαυκῶ-

301 2580 400 2625 πις,
435 2565 576 2610 Bonn.
618 2564 756 2621 1828,
791 2584 831 2630 p.
870 2563 940 2610 11.
975 2565 1051 2611 cfr.
1092 2564 1326 2628 Goettling.
1365 2565 1465 2610 Hes.
1502 2576 1607 2611 scut.
