1677 3059
583 229 647 235 -
778 201 1024 248 75-

154 342 348 388 dicamus
384 358 503 399 esse,
538 341 711 388 affectio
746 338 892 385 obstat
924 336 1185 395 verborum,
1231 337 1457 387 incitatum

152 439 326 469 cursum
383 422 685 469 reformidans.
786 420 1031 466 Hexametr.
1086 417 1207 465 catal.
1258 419 1305 467 in
1357 419 1455 485 syll.

150 503 334 559 XXVII,
357 502 412 560 4;
444 502 609 550 hexam.
637 500 794 548 heroic.
821 501 876 556 II,
902 499 946 546 4.
1010 498 1311 548 Octometrum
1334 500 1455 548 catal.

150 584 196 630 in
233 583 331 649 syll.
367 601 501 648 supra
533 581 747 638 vidimus,
805 581 880 646 qui
919 579 1071 626 Servio
1108 579 1336 645 heptamet.
1371 583 1457 646 hy-

150 664 418 728 percatalect.
450 664 541 710 fuit.
600 662 647 708 Si
673 661 770 726 quis
799 671 1022 726 praeterea
1045 661 1196 717 fucrit,
1231 661 1305 726 qui
1326 663 1453 726 frgm.

149 745 225 802 IV,
259 749 332 803 3.‚·
381 762 511 810 quem
547 761 597 789 ex
632 741 807 788 duobus
841 740 1072 787 ordinibus
1100 752 1298 789 constare
1321 761 1456 808 supra

150 825 363 884 diximus,
398 824 714 889 heptametrum
742 820 861 868 catal.
888 821 934 867 in
959 819 1104 885 disyll.
1133 834 1329 880 censeat,
1366 843 1456 872 non

148 904 429 952 reluctantem
463 921 532 950 me
568 901 770 959 habebit,
829 903 904 967 qui
938 901 1050 949 hanc
1084 904 1341 951 sententiam
1375 926 1457 953 no-

146 984 275 1032 minis
309 983 479 1050 proprii
512 983 684 1030 licentia
719 983 915 1030 excusari
959 983 1208 1046 intelligam.
1278 986 1458 1034 Praeter

146 1064 253 1112 haec
283 1082 514 1112 numerum
548 1062 814 1127 dactylicum
849 1064 1083 1110 ostendunt
1116 1064 1288 1126 frgmm.
1313 1067 1455 1125 XXII,

146 1145 318 1201 XXIV,
354 1146 527 1202 XXIX,
562 1145 697 1202 XLII,
736 1146 788 1203 1,
822 1145 1020 1203 XLVIII,
1055 1146 1157 1202 LV,
1193 1146 1303 1194 LVI.
1383 1148 1456 1195 In-

150 1236 267 1272 certa
299 1243 516 1272 mensura.

276 1309 442 1353 Versus
478 1305 720 1370 dactylicos
755 1305 801 1352 in
834 1317 1027 1370 systema
1054 1306 1294 1371 productos
1327 1307 1455 1370 srgm.

148 1388 184 1444 I,
219 1390 252 1438 4
277 1398 319 1434 et
345 1388 374 1434 6
406 1386 620 1434 habemus
652 1385 983 1452 pulcherrimos.
1054 1385 1144 1448 Qui
1180 1387 1349 1451 primus
1377 1388 1456 1436 ali-

149 1478 313 1531 quanto
359 1467 519 1514 rectius
563 1486 695 1532 quam
740 1467 920 1515 antehac
963 1467 1125 1515 sactum
1169 1478 1260 1514 erat
1303 1487 1454 1517 versus

150 1564 224 1594 eos
256 1546 473 1594 ordinavit
506 1549 811 1606 Hermannus,
859 1567 994 1613 quum
1022 1567 1177 1613 pravas
1214 1548 1454 1615 scripturas

147 1638 323 1675 secutus
354 1639 397 1675 et
430 1627 606 1693 dactylo
640 1647 813 1676 versum
848 1628 965 1675 finiri
996 1648 1127 1695 posse
1171 1641 1291 1676 ratus
1328 1642 1455 1689 esset,

148 1709 271 1774 quod
313 1707 359 1755 in
401 1709 542 1774 poetis
577 1720 692 1756 certe
733 1709 883 1757 Doriis
927 1710 1048 1758 nullo
1090 1728 1285 1775 unquam
1326 1722 1455 1775 pacto

145 1808 278 1855 posse
305 1789 430 1837 evicit
461 1790 737 1849 Boeckhius,
772 1808 862 1837 non
893 1803 1008 1839 recte
1039 1791 1222 1857 perfecit
1254 1791 1302 1838 id
1335 1791 1457 1856 quod

146 1870 404 1918 instituerat.
497 1871 682 1919 Secutus
719 1883 864 1919 tamen
898 1872 989 1919 fere
1027 1871 1193 1936 ubique
1229 1871 1457 1920 Mehlhor-

148 1951 261 1998 nius.
347 1950 467 1999 Nihil
503 1951 647 1999 dicam
682 1953 736 2001 de
771 1972 875 2002 voce
915 1957 1039 2016 ὥραν
1073 1953 1118 1998 in
1155 1953 1267 2000 duos
1302 1971 1454 2000 versus

151 2028 362 2089 dissecta,
411 2033 534 2098 quod
566 2035 720 2098 nequit
746 2035 852 2083 fieri,
931 2035 1011 2081 Est
1046 2052 1096 2080 ea
1129 2033 1313 2100 stropha
1352 2034 1456 2081 arti-

150 2107 423 2161 ficiosissime
466 2115 708 2180 composita
750 2114 834 2172 ita,
882 2126 931 2162 ut
966 2133 1064 2162 cum
1105 2114 1267 2162 affectu
1300 2125 1455 2180 poetae

153 2201 194 2238 et
222 2193 393 2239 numeri
415 2192 483 2240 vel
509 2194 746 2259 quietiores
780 2194 940 2254 fluant,
975 2195 1041 2243 vel
1072 2195 1202 2243 soluti
1236 2194 1455 2243 bacchen-

150 2281 234 2317 tur.
301 2272 498 2322 Primum
520 2275 733 2324 habemus
758 2289 963 2342 quattuor
988 2294 1137 2323 versus
1157 2275 1454 2339 logaoedicos,

154 2350 272 2416 dupl.
310 2351 447 2410 dact.,
484 2356 602 2420 dupl.
639 2357 776 2404 troch.
815 2356 959 2412 catal.;
1008 2373 1059 2401 ex
1095 2368 1249 2420 quarto
1283 2366 1456 2420 aptatur

152 2433 239 2496 jam
273 2443 467 2496 systema
499 2434 609 2482 illud
645 2436 934 2503 dactylicum,
978 2436 1140 2501 optime
1173 2435 1458 2500 acquiescens,

150 2512 260 2560 illud
294 2514 339 2561 in
375 2513 490 2560 exitu
522 2513 789 2578 logaoedico.
857 2518 1004 2565 Novos
1037 2527 1130 2563 tum
1161 2516 1348 2581 impetus
1381 2534 1456 2562 su-

151 2593 230 2641 mit
263 2594 424 2642 oratio:
461 2613 511 2641 ex
545 2613 673 2643 versu
706 2598 762 2654 5,
798 2598 873 2662 qui
906 2615 988 2663 par
1015 2607 1078 2643 est
1110 2594 1254 2645 tribus
1287 2596 1456 2663 primis,
