1677 3059
658 172 1096 223 ...56...

225 315 418 378 attigisse
455 313 665 361 ferebant.
735 310 882 359 Veluti
909 310 1154 359 Herculem
1189 322 1229 359 et
1255 311 1534 360 Stesichorus

226 408 268 443 et
301 395 464 458 Ibycus
500 411 659 456 magna
694 410 800 439 cura
829 390 1163 457 praedicarunt,
1206 409 1336 457 quem
1368 393 1537 441 Italiam

227 475 371 523 adisse
407 475 558 540 ibique
581 472 715 519 multa
740 471 937 520 facinora
963 471 1202 538 perfecisse
1229 472 1536 539 perhibebant,

226 577 263 604 v.
298 555 645 605 Pseud.-Arist.
691 555 786 603 mir.
823 571 940 601 ausc.
979 554 1085 600 100.
1128 557 1313 614 λέγουσι
1347 560 1395 601 δέ
1424 561 1537 602 πολ-

227 638 379 692 λαχσῦ
405 637 486 694 τῆς
519 641 713 688 Ἰταλίας
747 639 1011 697 Ἡρακλέους
1043 628 1155 681 εἶναι
1187 634 1461 692 μνημόσυνα
1493 639 1541 682 ἐν

227 725 327 769 ταῖς
345 719 488 781 ὁδοῖς,
511 719 566 769 οἳς
584 721 746 768 ἐκεῖνος
764 716 1015 779 ἐπορεύθη,
1042 713 1107 762 cll.
1132 734 1167 763 c.
1192 715 1299 764 101.
1334 715 1401 762 De
1423 714 1543 763 cultu

229 796 432 846 Herculis
465 796 585 864 apud
613 796 876 845 Tarentinos
905 806 946 843 et
971 795 1246 844 Crotoniatas
1286 796 1363 843 cfr.
1391 794 1541 843 Muell.

230 880 360 926 Dorr.
386 879 422 937 I,
453 898 496 945 p.
522 879 619 927 448
640 896 706 943 sq.
776 876 926 939 Quum
958 875 1092 924 boves
1116 877 1338 941 abegisset
1372 877 1546 943 Geryo-

232 960 300 1006 nis
335 962 381 1006 in
415 958 672 1023 Italiamque
705 957 956 1013 inferiorem
986 960 1279 1023 pervenisset,
1313 960 1407 1007 ἀπὸ
1440 962 1547 1017 Ῥη-

232 1047 335 1102 γίου
357 1038 414 1091 εἷς
435 1042 756 1102 οέποῤῥήγνυσι
774 1043 940 1100 ταῦρος
963 1043 1045 1086 καί
1064 1044 1238 1092 ταχέως
1270 1044 1328 1090 εἰς
1346 1042 1434 1098 τὴν
1453 1040 1549 1087 θά-

234 1129 414 1169 λασσαν
437 1122 645 1178 ἐμπεσών
676 1124 756 1168 καί
778 1121 1106 1177 διανηξάμενος
1131 1124 1189 1170 εἰς
1215 1121 1303 1177 τὴν
1324 1127 1549 1186 Σικελίαν,

234 1196 380 1258 ἦλθεν
414 1207 471 1252 εἰς
508 1206 665 1248 πεδίον
685 1200 872 1262 Ἔρυκος
895 1210 936 1247 et
970 1218 1081 1264 quae
1106 1219 1228 1266 sqq.‚
1263 1199 1469 1266 Apollod.
1495 1202 1552 1262 H,

238 1284 282 1340 5,
314 1283 397 1338 103
435 1281 499 1329 cll.
528 1280 736 1328 Hellanic.
773 1300 840 1347 ap.
866 1283 1051 1348 Dionys.
1087 1281 1182 1328 Hal.
1205 1282 1239 1338 I,
1261 1283 1336 1328 35.
1407 1281 1555 1345 Quam

240 1362 562 1427 expeditionem
605 1364 669 1409 uti
711 1362 991 1410 Stesichorus
1035 1362 1256 1409 exornavit
1295 1362 1342 1409 in
1383 1363 1556 1432 Geryo-

239 1442 368 1489 neide
383 1480 393 1499 ‚
434 1444 493 1491 ita
524 1442 709 1509 Ibycum
734 1442 950 1493 Herculea
970 1454 1207 1491 tentantem
1232 1442 1317 1491 hoc
1339 1444 1408 1491 vix
1428 1463 1556 1510 prae-

240 1524 480 1570 termisisse
515 1523 687 1571 videtur
720 1523 978 1589 probabile,
1014 1543 1150 1588 quum
1175 1524 1291 1571 circa
1313 1524 1453 1590 ipsam
1478 1545 1558 1592 pa-

241 1605 368 1651 triam
394 1616 546 1670 poetae
573 1623 644 1651 res
672 1603 885 1651 accidisse
909 1603 1137 1653 diceretur.
1186 1605 1448 1654 Rettulimus
1470 1608 1560 1657 huc

243 1686 371 1749 frgm.
407 1687 581 1742 XXIX3
651 1685 705 1732 de
739 1685 887 1748 Augia
920 1686 959 1732 si
994 1686 1093 1749 quis
1130 1684 1293 1732 dictum
1330 1689 1561 1748 censuerit,

244 1786 334 1814 non
372 1765 683 1831 astipulamur,
723 1766 931 1831 quoniam
964 1765 1059 1830 ejus
1093 1785 1184 1813 non
1205 1766 1348 1814 solum
1369 1779 1564 1816 armenta

247 1847 417 1911 abegit,
453 1866 491 1894 v.
527 1846 656 1893 Pind.
694 1845 765 1894 Ol.
800 1848 879 1905 XI,
916 1847 992 1895 43.

344 1932 369 1976 ὁ
400 1933 440 1975 δ’
464 1931 524 1990 ἄρ
545 1932 593 1974 ἐν
615 1933 738 1992 Πίσᾳ
756 1932 908 1979 ἔλσαις
930 1930 1038 1976 ὅλον
1058 1946 1108 1977 τε
1128 1932 1328 1992 στρατὸν

349 2014 488 2056 λαίαν
510 2026 559 2055 τε
579 2011 737 2055 πᾶσαν
759 2011 862 2060 Διὸς
884 2010 1075 2067 ἄλκιμος
1099 2012 1192 2061 υἱὸς
1219 2028 1316 2075 sqq.

253 2090 344 2138 Sed
377 2089 583 2136 nolumus
620 2088 841 2137 cumulare
875 2090 1027 2155 plura,
1074 2091 1237 2156 quibus
1270 2090 1568 2156 suspicionem

254 2182 451 2218 nostram
484 2188 575 2217 non
608 2188 765 2217 vanam
799 2182 928 2235 atque
958 2172 1133 2218 inanem
1168 2190 1262 2219 esse
1296 2172 1569 2219 demonstre-

255 2272 367 2301 mus.
458 2251 598 2299 Modo
623 2251 735 2298 illud
767 2250 1068 2309 obtineamus,
1111 2251 1287 2317 publice
1333 2252 1440 2299 haec
1476 2268 1570 2299 car-

257 2336 375 2382 mina
398 2343 567 2381 cantata
599 2332 736 2378 fuisse
769 2330 903 2378 choro
935 2331 1107 2379 saltanti
1131 2333 1177 2379 in
1207 2333 1330 2381 festis
1361 2332 1428 2380 vel
1452 2333 1570 2379 Deo-

261 2433 357 2462 rum
392 2414 459 2462 vel
493 2413 690 2460 heroum.
727 2443 786 2449 —

396 2496 500 2558 Quo
532 2505 675 2541 autem
706 2493 883 2541 nomine
903 2495 1175 2560 appellentur
1195 2495 1301 2542 haec
1334 2490 1573 2542 Stesichori

264 2587 305 2622 et
338 2576 464 2642 Ibyci
496 2575 715 2633 carmina,
751 2575 997 2641 ambigitur.
1069 2576 1208 2625 Nobis
1242 2574 1418 2640 quidem
1449 2575 1573 2619 tutis-
