1677 3059
700 235 761 243 -.
886 206 947 252 96
1072 233 1136 240 .-

261 355 307 401 in
338 351 446 400 Plat.
482 351 627 398 Parm.
657 349 711 404 V,
746 364 788 412 p.
814 346 921 393 316.
971 344 1119 392 Cusin.
1153 344 1260 392 haec
1287 345 1433 394 verbis
1461 364 1568 413 poe-

261 445 328 482 tae
362 429 610 500 praemisit:
638 430 734 475 ‘'Ivoe
766 429 1035 489 ἐνδείξηται,
1071 427 1210 476 πόσος
1234 429 1354 473 ἐστίν
1376 430 1402 476 ὁ
1436 430 1568 489 ἁγών

261 518 342 562 καί
370 514 424 561 τὸ
460 504 612 558 ἆθλον
636 506 760 572 οἷον,
796 509 962 555 ἑαυτὸν
987 508 1165 554 ἐλάττω
1191 514 1332 567 φησίν
1351 503 1464 556 εἶναι
1485 511 1566 566 τῆς

260 593 464 644 διεξόδου
492 591 665 647 ταύτης
692 591 774 636 καί
791 590 969 635 ταύτὸν
991 591 1058 652 τῷ
1088 592 1247 653 Ἰβύκῳ
1269 594 1566 654 πεπονθέναι,

259 677 326 739 τῷ
360 675 472 737 πρὸς
505 673 569 719 τα
601 671 800 732 ἐρωτικά
828 671 909 717 δια
938 671 1083 731 γῆρας
1115 671 1281 716 ἑαυτὸν
1318 672 1567 717 ἐπιδιδόναι

261 755 564 803 κατοκνοῧντι
598 756 707 815 μὲν,
744 754 1104 814 ἀναγκαζομένῳ
1139 755 1216 815 δὲ,
1263 752 1344 797 καί
1376 750 1568 798 ἀπεικα-

260 839 380 889 ζοντι
408 835 494 891 τὴν
527 838 786 894 παρουσίαν
820 834 951 895 αὐτῷ
970 834 1149 889 ταύτην
1181 832 1367 892 ἀνάγκῃ
1402 829 1567 895 (scribe

260 917 502 978 παροῦσαν
547 915 679 975 αὐτῷ
709 915 888 970 ταύτην
917 914 1151 976 ανάγκην)
1189 916 1314 974 ἵππῳ
1346 911 1567 973 πρεςβύτῃ

261 1001 342 1045 καί
380 996 470 1053 ἤδη
516 992 736 1043 πολλάκις
778 996 1073 1055 ἠγωνισμένῳ
1117 996 1198 1040 καί
1239 998 1296 1039 δι’
1337 995 1569 1053 ἐμπειρίαν

259 1083 466 1140 τρέμοντι
486 1077 539 1122 τὸ
563 1080 747 1131 μέλλον.
777 1078 894 1135 λέγει
918 1078 966 1120 δέ
983 1091 1080 1124 πως
1101 1074 1245 1124 οὕτως
1264 1076 1289 1120 ὅ
1307 1074 1568 1129 μελοποιός·

255 1158 394 1219 Ἔρως
420 1174 516 1221 sqq.

372 1240 424 1284 V.
450 1239 489 1285 1.
520 1237 657 1300 Ἔρος.
724 1237 789 1283 Ita
822 1235 988 1285 Mehlh.
1024 1247 1065 1284 et
1095 1235 1289 1283 Huschk.
1324 1235 1372 1282 in
1406 1233 1568 1282 Tibull.

260 1320 292 1366 I.
327 1319 380 1375 4,
428 1322 515 1376 32,
575 1317 651 1383 qui
693 1336 743 1365 ex
786 1318 991 1366 Creuzeri
1034 1318 1148 1365 libro
1194 1319 1386 1365 Darmst.
1432 1317 1568 1364 ascri-

260 1400 362 1466 psit,
398 1417 630 1465 perperam
665 1418 815 1447 versus
847 1400 1083 1456 ordinans;
1129 1407 1237 1461 ἔρως
1260 1396 1565 1444 cod.Darmst.

263 1499 397 1547 supra
432 1480 595 1545 scripto
629 1499 744 1527 man.
774 1499 857 1528 sec.
881 1486 991 1543 ἔρος.
1035 1479 1208 1528 Relicui
1230 1484 1367 1542 ἔρως,
1402 1498 1438 1524 v.
1463 1479 1497 1536 I,
1521 1479 1565 1526 4.

261 1561 397 1609 Plane
433 1562 577 1608 omisit
619 1561 798 1609 Fiorillo
835 1561 1031 1608 observv.
1068 1562 1115 1607 in
1159 1561 1317 1607 Athen.
1354 1577 1454 1624 pag.
1488 1562 1566 1617 67,

264 1643 339 1709 qui
374 1641 457 1689 hoc
491 1642 620 1706 frgm.
657 1661 754 1689 cum
798 1641 926 1705 frgm.
961 1643 993 1688 I.
1037 1641 1361 1707 imperitissime
1406 1639 1568 1686 confla-

262 1724 346 1782 vit,
407 1723 528 1788 quod
572 1742 716 1788 neque
763 1734 950 1770 metrum
984 1722 1175 1788 patiatur
1219 1733 1260 1768 et
1302 1738 1458 1768 sensus
1498 1738 1569 1768 re-

263 1816 402 1872 spuat.
467 1803 588 1851 Nihil
620 1815 763 1851 autem
797 1805 965 1864 obstat,
1003 1802 1090 1869 quo
1120 1801 1265 1849 minus
1300 1802 1449 1867 ipsum
1473 1821 1568 1850 car-

261 1887 391 1934 minis
429 1885 601 1933 initium
637 1904 866 1951 superesse
897 1897 1113 1952 putemus.
1189 1882 1355 1931 Mehlh,
1389 1883 1571 1934 lacunae

263 1969 391 2032 signa
426 1979 524 2014 ante
553 1968 709 2032 Ἔρος,
767 1969 842 2032 qui
880 1967 1000 2034 apud
1032 1968 1181 2032 ipsum
1211 1964 1312 2011 finis
1348 1976 1414 2012 est
1444 1977 1570 2013 trun-

264 2050 346 2098 cati
376 2068 551 2107 versus,
586 2049 746 2115 posuit.
820 2048 998 2113 Optime
1034 2058 1176 2094 autem
1211 2046 1413 2093 convenit
1443 2058 1571 2095 tenor

264 2131 578 2197 anapaesticus.
616 2162 676 2168 —
744 2123 856 2177 αὖτέ
889 2149 955 2186 με.
992 2120 1053 2176 αὖ
1081 2132 1128 2175 τέ
1159 2146 1214 2184 με
1247 2127 1416 2185 Procl.;
1460 2132 1567 2176 αὕτ’

261 2218 337 2270 ἐμὲ
374 2212 653 2260 Siebenkees.
728 2211 975 2258 Translatio
1015 2220 1183 2257 vetusta
1225 2209 1382 2256 Latina
1423 2209 1570 2257 Procli

264 2294 384 2360 apud
422 2293 570 2340 Cusin.
607 2293 634 2340 l.
662 2312 695 2340 c.
731 2310 831 2357 pag.
861 2291 969 2343 417.
1017 2295 1163 2338 Amor
1198 2308 1362 2337 rursus
1395 2292 1569 2355 utique,

263 2388 310 2423 ut
342 2370 405 2424 αὖ
439 2395 510 2424 τοι
544 2374 745 2422 videatur
779 2371 1056 2438 expressisse.
1077 2373 1145 2433 18)
1189 2401 1248 2408 —
1335 2372 1396 2417 Ut
1429 2381 1571 2417 autem

319 2557 384 2603 18)
415 2557 519 2602 Quae
551 2571 660 2605 quum
690 2570 730 2591 ex
757 2556 880 2591 codice
912 2569 930 2590 a
960 2556 1106 2603 vulgatis
1128 2555 1223 2590 haud
1243 2566 1325 2588 raro
1350 2552 1571 2597 discrepante

393 2623 486 2658 facta
524 2624 559 2657 in
592 2622 836 2656 constituenda
874 2621 1047 2668 scriptura
1078 2621 1210 2669 aliquid
1240 2620 1372 2661 valeat,
1424 2616 1568 2664 ascripsi
