1677 3059
694 215 1129 264 -48..

261 357 468 406 accedere
502 354 786 411 videbantur,
833 373 983 402 eorum
1022 373 1134 420 quae
1167 372 1403 424 supersunt
1442 362 1562 426 frag-

258 451 404 488 menta
445 436 745 502 disposuimus
779 436 864 493 ita,
920 448 969 483 ut
1003 437 1060 484 ad
1104 452 1358 500 argumenta
1390 442 1563 490 fabula-

259 541 358 570 rum
404 519 605 567 ordinem
648 533 800 562 eorum
847 529 887 565 et
942 517 1214 584 complexum
1259 519 1559 584 dirigeremus.

260 603 352 652 Sed
384 619 544 667 quum,
581 596 702 663 quod
727 598 942 656 sciamus,
980 617 1109 646 nemo
1134 611 1335 647 naturam
1361 614 1402 650 et
1432 623 1560 652 usum

260 686 418 732 horum
451 681 693 731 carminum
730 677 1019 741 singularium
1060 679 1206 746 paullo
1243 683 1459 731 curiosius
1490 704 1561 732 ex-

259 765 468 822 cusserit,
505 781 596 809 non
634 759 930 823 defugiendus
967 760 1038 808 hic
1067 761 1198 823 nobis
1220 761 1348 810 labor
1375 765 1561 823 videtur,

260 865 391 914 quem
423 846 569 911 ipsum
610 842 694 888 hoc
730 853 930 888 nostrum
964 842 1211 890 institutum
1241 844 1442 908 injunxit.

382 926 486 989 Quo
519 936 714 988 tempore
748 924 794 970 in
832 923 1018 970 Graecia
1049 924 1146 989 ipsa
1179 923 1328 987 largus
1362 924 1433 973 ille
1468 927 1560 992 epi-

259 1027 411 1056 corum
442 1017 671 1072 poetarum
714 1003 814 1049 fons
850 1003 1129 1051 exarescebat
1171 1015 1213 1051 et
1248 1005 1285 1052 si
1320 1008 1396 1071 qui
1431 1010 1560 1072 pauci

259 1091 300 1137 ei
344 1089 494 1152 generi
537 1082 684 1151 poesis
727 1101 906 1147 operam
948 1084 1190 1141 navabant,
1242 1104 1267 1132 a
1307 1088 1452 1150 prisca
1489 1089 1561 1136 illa

258 1169 531 1235 simplicitate
576 1179 617 1214 et
648 1165 824 1228 ingenio
857 1162 965 1210 vatis
1000 1164 1181 1213 Homeri
1223 1166 1270 1212 in
1305 1166 1398 1214 dies
1430 1169 1561 1232 dege-

257 1250 471 1297 ncrabant
500 1248 662 1311 magis,
697 1247 742 1293 in
773 1246 942 1292 Graeca
977 1244 1127 1292 Sicilia
1159 1246 1320 1293 exstitit
1341 1248 1561 1298 Stesicho-

256 1350 332 1378 rus
367 1330 663 1386 Himereusis,
689 1359 749 1366 —
784 1345 887 1373 nam
917 1326 972 1373 de
1003 1326 1082 1384 iis,
1117 1327 1194 1391 qui
1225 1325 1342 1375 hunc
1368 1341 1561 1378 anteces-

258 1429 378 1467 sere,
422 1410 587 1457 incerta
631 1409 778 1455 onmia
813 1418 939 1464 sunt,
971 1436 1032 1443 ——
1078 1407 1153 1469 qui
1188 1418 1229 1454 et
1269 1406 1433 1456 labanti
1474 1411 1561 1476 jam

258 1491 370 1557 epici
415 1491 619 1538 carminis
668 1488 824 1535 honori
862 1485 1137 1534 substrueret
1179 1507 1278 1535 cum
1321 1490 1562 1556 eodemque

257 1572 545 1637 conjungeret
566 1570 634 1627 id,
672 1569 794 1635 quod
826 1566 997 1614 indoles
1021 1569 1170 1616 aetatis
1206 1569 1444 1634 flagitabat,
1482 1573 1561 1619 hoc

257 1665 344 1710 est,
406 1663 455 1699 ut
496 1661 750 1714 argumenta
785 1650 907 1714 epica
941 1649 1090 1715 lyricis
1124 1650 1267 1697 modis
1307 1670 1563 1716 exsequere-

255 1746 350 1792 tur,
387 1752 474 1798 quo
509 1733 610 1780 usui
644 1731 864 1797 praesenti
899 1729 1204 1787 convenirent,
1235 1749 1277 1795 γ.
1306 1731 1418 1778 Plut.
1446 1734 1560 1780 Mus.

256 1822 299 1866 3.
335 1821 609 1877 Στησίχορος
639 1816 720 1859 καί
751 1816 795 1859 οἱ
828 1818 1016 1873 ἀρχαῖοι
1037 1816 1302 1877 μελοποιοί,
1337 1816 1566 1865 ποιοῦντες

255 1901 371 1957 ἔπη,
404 1897 582 1945 τούτοις
613 1900 726 1950 μέλη
762 1900 1086 1955 περιετίθεσαν.
1155 1892 1246 1939 Sed
1283 1913 1418 1958 quum
1445 1894 1562 1958 ejus-

255 1976 374 2022 modi
400 1975 640 2022 carminum
665 1992 719 2020 ne
743 1993 879 2020 unum
901 1973 1080 2038 quidem
1108 1992 1158 2020 ex
1182 1974 1401 2020 communi
1423 1974 1562 2021 Grae-

257 2075 406 2104 carum
438 2056 660 2103 literarum
693 2055 925 2118 naufragio
961 2064 1176 2100 servatum
1211 2055 1414 2118 supersit,
1450 2054 1563 2101 mul-

258 2149 323 2185 tae
354 2155 424 2184 res
461 2154 550 2184 non
583 2134 710 2182 facile
746 2134 1020 2201 dispellenda
1044 2133 1309 2181 obscuritate
1343 2134 1561 2197 obtegun-

255 2229 337 2263 tur.
408 2216 634 2278 Quantum
671 2227 815 2263 tamen
839 2214 904 2262 vel
928 2232 978 2261 ex
1008 2225 1117 2261 nutu
1138 2226 1330 2262 veterum
1364 2217 1562 2274 extricari

255 2296 396 2361 possit
430 2295 495 2342 vel
519 2315 571 2343 ex
604 2296 801 2362 reliquiis
827 2296 1067 2344 carminum
1093 2296 1382 2361 probabiliter
1409 2308 1561 2343 extun-

257 2376 327 2433 di,
365 2378 648 2442 experiemur.
710 2377 800 2425 Sed
835 2396 970 2441 quum
997 2396 1085 2424 non
1122 2391 1208 2425 tam
1233 2379 1287 2425 de
1309 2378 1559 2425 stesichoro

256 2475 377 2503 mens
413 2457 469 2504 sit
503 2459 720 2515 scribere,
758 2476 888 2522 quam
925 2458 980 2503 ad
1008 2458 1190 2525 Ibycum
1213 2460 1376 2506 referre
1399 2459 1560 2515 omnia,

256 2536 368 2584 hanc
403 2538 571 2586 veniam
601 2540 854 2604 expeti1nuS‚
891 2550 933 2584 ut
972 2557 1081 2602 quae
1106 2540 1160 2587 de
1196 2540 1432 2587 Stesichori
1465 2557 1559 2585 car-

256 2618 475 2676 minibus,
539 2620 700 2686 quibus
735 2620 884 2686 Ibycia
931 2621 1066 2668 fuisse
1104 2620 1340 2668 consimilia
1379 2620 1559 2667 demon-
