1677 3059
678 193 744 202 —-
853 165 946 212 150
1054 193 1119 201 —-

249 307 519 361 conjunctivus
557 314 792 359 usurpetur,
841 319 877 343 v.
905 303 972 342 Ar.
1001 304 1100 342 Avv.
1132 308 1208 353 73,
1239 306 1332 345 Eur.
1370 309 1463 347 Hec.
1492 312 1560 357 28,

253 381 387 423 1225„
423 378 560 416 lncert.
587 390 642 429 ap.
674 375 780 414 Suid.
812 388 840 412 s.
874 388 910 411 v.
935 375 1166 422 βουκολήσας,
1189 397 1240 406 -
1297 374 1378 415 Cfr.
1410 386 1562 430 praeter

248 446 455 484 Hermann.
494 446 580 499 Vig.
620 461 655 497 p.
693 448 810 493 903.‚
850 442 1021 481 Nitzsch.
1064 442 1223 482 Homer.
1264 443 1337 482 Od.
1366 447 1440 494 111,
1481 451 1561 495 77.‚

252 515 464 552 W'ellauer.
493 513 634 553 Aesch.
667 514 796 551 Prom.
833 516 948 561 202,
1002 510 1214 549 Bernhard.
1251 513 1364 567 Synt.
1403 529 1440 566 p.
1469 516 1560 553 401.

248 583 450 634 praecipue
487 584 598 620 Πῶρε.
629 583 676 620 de
707 596 776 619 usu
806 581 954 619 modor.
982 582 1022 617 in
1055 587 1196 618 enuntt.
1215 579 1348 632 finall.
1378 582 1419 620 in
1438 583 1561 635 Epist.

250 650 333 689 crit.
360 651 407 689 ad
438 650 633 690 Guilielm.
664 650 879 689 Gesenium
904 664 941 702 p.
970 650 1163 688 22—40.

688 774 917 837 Fragm.
970 772 1129 822 XVHL

385 869 529 917 schol,
562 868 675 932 vulg.
712 869 796 934 Ap.
833 869 917 916 Rh.
953 869 1029 926 IV,
1064 868 1173 916 815.

349 951 647 1012 Ἀναξαγόρας
682 939 821 1009 φήσιν
832 983 850 1012 7
886 948 958 995 ὅτι
982 955 1081 998 ταῖς
1104 952 1346 1006 ἀληθείαις
1366 954 1566 1005 Ἀχιλλέα

251 1034 416 1087 τιμῶσι
445 1040 537 1081 τοῖς
566 1033 667 1091 περὶ
692 1029 972 1085 Λακωνικὴν
993 1029 1149 1075 ταῦτα
1172 1035 1446 1079 πέπλασται.
1513 1037 1567 1081 Οἱ

253 1117 301 1157 δέ
345 1128 512 1174 φασιν,
558 1111 630 1157 ὅτι
668 1110 1062 1167 συμπαθήσαντες
1096 1112 1138 1154 οἰ
1171 1112 1276 1155 θεοί
1308 1112 1370 1170 τῇ
1419 1118 1567 1160 Θέτιδι

254 1193 607 1238 απεθανατισαν
635 1190 791 1237 αὐτόν.
843 1191 948 1236 “On
972 1192 1021 1235 δὲ
1043 1192 1260 1241 Ἀχιλλεὺς
1289 1195 1346 1241 εἰς
1367 1193 1420 1239 τὸ
1441 1195 1569 1240 Ἠλύ-

255 1288 351 1317 σιον
379 1277 532 1318 πεδίον
561 1270 928 1332 παραγενόμενος
957 1272 1098 1329 ἔγημε
1128 1271 1351 1336 Μήδειαν,
1393 1276 1571 1335 πρῶτος

250 1350 468 1414 Ἴβυκος
501 1355 676 1416 εἴρηκε,
712 1353 817 1407 μεθ’
854 1350 906 1396 ὃν
935 1354 1197 1406 Σιμωνίδης.

385 1430 542 1479 Priora
577 1430 733 1479 scholii
766 1429 902 1477 verba
946 1428 1244 1477 emendatiora
1276 1430 1456 1496 quidem
1491 1432 1571 1479 sed

258 1513 546 1560 contractiora
580 1522 780 1579 prostant
810 1511 859 1557 in
890 1509 1006 1557 libro
1037 1511 1272 1560 Parisino:
1308 1518 1471 1559 Ἰστέον
1498 1518 1568 1576 δὲ,

257 1596 333 1649 ὅτι
358 1596 383 1642 ὁ
417 1598 498 1650 μέν
521 1597 660 1644 Ἀναξ.
692 1600 791 1643 ταῖς
822 1596 1066 1648 ἀληθείαις
1103 1597 1243 1652 φησίν
1279 1595 1339 1643 ὥς
1366 1595 1482 1641 θεὸν
1500 1612 1570 1641 τε-

257 1679 496 1731 τιμηκέναι
531 1676 638 1725 τοὺς
673 1677 774 1736 περὶ
805 1683 926 1721 Λακ.
961 1673 1211 1723 οἰκοῦντας.
1278 1673 1452 1720 Desunt
1485 1675 1570 1738 igi-

258 1768 329 1803 tur
374 1755 508 1802 verba
553 1757 708 1802 ταῦτα
750 1759 1028 1800 πέπλασται.
1109 1753 1221 1799 Unis
1255 1752 1404 1800 scholl.
1444 1754 1571 1801 Pari-

259 1837 366 1884 sinis
425 1834 616 1882 confisus
660 1846 725 1882 est
768 1833 983 1882 Kochler.
1033 1831 1089 1879 de
1129 1834 1296 1881 insulis
1345 1843 1388 1881 et
1435 1854 1573 1884 cursu

260 1917 482 1973 Achillis,
517 1934 554 1962 v.
590 1916 702 1962 Acta
735 1915 873 1963 Acad.
910 1913 1164 1978 Petropolit.
1197 1915 1347 1972 1828,
1383 1935 1426 1981 p.
1465 1917 1569 1964 149.

260 1999 325 2044 Ex
359 1997 456 2044 cod.
494 1997 634 2043 Paris.
668 1995 962 2043 W⁷ellauerus
1004 1998 1048 2040 οἱ
1080 1998 1182 2056 περί
1213 1999 1493 2053 Λακωνικὴν
1525 1999 1573 2045 in

261 2077 412 2124 scholl.
462 2076 576 2139 vulg.
615 2078 770 2144 reponi
805 2075 934 2140 jussit
977 2086 1079 2139 post
1117 2092 1254 2138 eaque
1287 2076 1422 2124 verba
1458 2078 1573 2125 exci-

262 2159 380 2206 disse
427 2157 644 2223 quaedam
689 2157 873 2206 censuit.
962 2155 1059 2202 Hoc
1102 2168 1241 2204 recte:
1292 2168 1334 2204 et
1377 2157 1574 2206 defectus

263 2251 438 2305 apertus
472 2250 536 2286 est
569 2257 650 2286 nee
700 2236 922 2304 quomodo
970 2235 1234 2284 resarciatur
1274 2237 1403 2301 longe
1441 2258 1576 2304 quae-

262 2319 472 2367 rendum:
517 2321 816 2381 Ἀναξαγόρας
850 2324 1016 2381 φησιν,
1051 2318 1123 2364 ὅτι
1154 2321 1216 2365 οὐ
1252 2327 1351 2371 ταῖς
1385 2322 1576 2377 ἀληθεί-

264 2417 332 2450 αις
352 2405 551 2454 Ἀχιλλέα
571 2402 763 2464 τιμῶσι,
798 2405 890 2448 τοῖς
919 2402 980 2445 δὲ
1006 2401 1108 2459 περὶ
1123 2402 1402 2457 Λακωνικὴν
1422 2403 1576 2447 ταῦτα

265 2487 543 2545 πέπλασται,
582 2499 670 2544 quo
708 2479 820 2527 clare
844 2477 1011 2525 ducunt
1032 2478 1214 2543 vestigia
1240 2479 1389 2527 scholl.
1426 2479 1577 2543 vulga·

267 2572 409 2606 torum
440 2561 575 2627 idque
604 2561 817 2626 judicium
838 2560 1098 2607 conveniens
1122 2559 1294 2608 videtur
1316 2560 1456 2608 indoli
1477 2559 1577 2625 phi-
