1677 3059
633 231 695 239 --
813 212 881 246 Xll
1013 227 1077 235 —-

199 346 369 410 (epicum
396 341 634 391 Stesichori
669 340 909 389 carminum
947 338 1137 387 colorem
1172 341 1298 388 etiam
1324 341 1508 409 Ibycum

196 450 334 497 prope
370 430 630 485 accessisse,
691 446 827 474 unum
863 438 928 474 est
965 427 1085 492 quod
1121 427 1326 478 suadeat:
1385 429 1507 495 quod
1539 445 1542 447 ’

196 519 240 564 in
276 530 362 565 tam
384 517 536 583 paucis
564 516 659 563 istis
686 515 843 561 horum
868 519 1117 579 poematum
1142 516 1367 580 particulis
1394 517 1508 564 duae

196 616 457 670 supersunt,
496 621 606 668 quae
627 620 878 650 sermonum
902 601 1015 648 inter
1040 602 1196 649 heroas
1222 603 1386 650 directa
1409 623 1506 652 ora-

195 693 311 738 tione
346 691 673 756 propositorum
707 689 870 736 indicia
898 689 1131 738 continent.
1199 690 1399 737 Alterum
1435 708 1507 738 eo-

194 797 291 824 rum
327 778 592 825 indiciorum
629 789 693 824 est
726 793 852 823 casus
886 775 956 822 ille
993 775 1203 834 vocandi,
1248 795 1377 842 quem
1412 777 1508 824 iure

193 866 299 912 mihi
324 865 569 912 restituisse
591 863 776 911 videris:
811 865 1144 919 Ὀνομακλυτὸς
1163 855 1299 926 ὒρφη
1328 866 1505 930 (fragm.

192 955 381 1017 XXII.);
420 953 602 1000 alterum
624 950 824 998 Herculis
847 951 901 997 de
921 948 1055 997 rebus
1082 969 1104 996 a
1129 969 1175 997 se
1200 951 1333 1014 gestis
1364 952 1504 1000 dicta:

196 1047 340 1089 Τέκνα
374 1041 598 1090 Μολιόνας
633 1039 800 1085 κτάνον
846 1049 886 1084 et
925 1049 1019 1085 cett.
1063 1038 1238 1102 (fragm.
1284 1039 1502 1103 XXVII.)

192 1128 321 1175 Tales
364 1139 505 1174 autem
543 1144 765 1173 sermones
803 1124 931 1171 etiam
965 1123 1084 1189 apud
1116 1123 1361 1182 Pindarum
1392 1144 1505 1172 non-

191 1216 276 1262 nisi
313 1214 390 1261 ubi
427 1214 647 1276 longiores
682 1212 955 1258 narrationes
989 1229 1010 1256 e
1042 1209 1203 1256 fabulis
1233 1222 1506 1276 repetuntur,

192 1304 336 1350 locum
369 1301 556 1357 habent3
594 1299 832 1347 Aeolenses
868 1297 993 1365 lyrici
1026 1296 1104 1344 ubi
1140 1298 1312 1346 fabulas
1348 1300 1506 1346 carmi-

191 1390 324 1437 nibus
354 1389 445 1435 suis
482 1387 780 1442 admiscuere,
817 1386 886 1433 vix
921 1397 1064 1432 tamen
1094 1385 1141 1432 id
1176 1404 1316 1449 genus
1343 1376 1505 1433 oratio-

192 1478 260 1525 nis
297 1492 537 1541 usurpasse
571 1473 786 1529 videnlur,

323 1562 396 1610 Ad
433 1562 613 1608 alterum
652 1579 790 1624 genus
823 1579 1009 1626 poeseos
1045 1560 1257 1625 Ibyceae,
1278 1565 1282 1569 “
1303 1572 1504 1608 amato-

192 1652 279 1698 ria
327 1650 596 1706 carmina,
648 1668 747 1696 cum
783 1648 970 1706 accedo,
1029 1648 1131 1694 hinc
1171 1648 1403 1714 incipiam,
1456 1648 1505 1695 in

195 1758 282 1805 quo
317 1738 502 1785 maxima
533 1748 596 1783 est
624 1737 854 1801 utriusque
884 1735 1057 1798 generis
1094 1735 1309 1793 affinitas,
1347 1736 1402 1782 ab
1436 1755 1506 1782 ar-

196 1825 414 1890 gumentis
452 1844 503 1872 ex
541 1823 705 1870 fabulis
741 1824 1011 1871 Graecorum
1046 1823 1191 1888 petitis
1229 1835 1268 1870 et
1301 1823 1347 1869 in
1379 1842 1509 1870 usum

196 1915 381 1960 eroticae
413 1913 569 1958 Musae
606 1911 838 1958 conversis.
933 1912 1043 1958 Nam
1083 1910 1266 1956 deorum
1300 1910 1505 1956 heroum-

196 2019 281 2066 que
317 1999 523 2064 exemplis
549 2017 638 2045 non
675 1998 816 2045 solum
850 2017 875 2045 a
908 1998 1103 2045 Pindaro
1132 1997 1343 2044 victorum
1367 1996 1507 2043 robur

197 2100 237 2135 et
269 2087 540 2144 felicitatem,
588 2086 666 2133 sed
703 2086 829 2132 etiam
861 2084 915 2130 ab
949 2085 1086 2152 Ibyco
1124 2085 1360 2131 amantium
1396 2084 1505 2130 affe-

197 2185 291 2221 ctus
325 2174 550 2237 vicemque
585 2173 797 2220 illustrata
835 2190 955 2229 esse,
1009 2184 1101 2219 tum
1137 2171 1219 2218 alia
1253 2170 1505 2228 ostendunt,

196 2272 286 2308 tum
324 2279 435 2326 quae
471 2260 525 2306 de
560 2260 751 2307 carmine
782 2258 854 2305 illo
891 2260 937 2306 in
971 2260 1240 2322 Gorgiam
1276 2257 1407 2305 nobis
1438 2257 1507 2303 in-

196 2359 443 2396 notuerunt.
515 2347 618 2409 Quo
655 2347 708 2393 de
734 2347 924 2393 carmine
961 2366 1057 2393 cum
1085 2347 1169 2392 iam
1194 2346 1266 2392 illo
1294 2357 1506 2410 tempore,

198 2455 285 2501 quo
321 2453 544 2483 sermones
579 2434 633 2481 de
664 2434 731 2481 his
755 2434 888 2481 rebus
912 2446 1054 2481 tecum
1077 2432 1372 2489 conferebam,
1407 2449 1507 2478 sen-

198 2524 372 2573 tentiam
407 2542 546 2570 meam
584 2542 608 2570 a
637 2535 711 2570 tua
747 2521 947 2568 nonnihil
984 2520 1279 2567 discedentem
1301 2519 1380 2564 tibi
1404 2535 1508 2582 ape-

198 2612 407 2659 ruissem:
459 2622 505 2657 tu
541 2610 740 2659 consulto
776 2609 937 2656 videris
981 2626 1120 2655 meam
1153 2606 1259 2653 mihi
1304 2605 1506 2670 Spartam
