1677 3059
545 231 604 238 —
709 205 805 250 203
912 231 977 240 -

229 345 352 396 Χάος
387 343 468 394 hac
512 342 828 409 significatione
874 342 1124 408 frequentat
1167 344 1410 412 Aristoph.‚

107 424 221 473 velut
255 426 404 474 Nubb.
440 427 548 476 423.
583 425 767 490 aliique,
805 435 849 471 ut
882 424 1155 472 memorabili
1191 424 1287 474 loco
1322 427 1413 475 Eu-

107 506 188 572 rip.
223 507 387 556 Cadmo
413 528 481 575 ap.
515 506 649 556 Prob.
684 504 987 568 Vi1·g.-Bucol.
1017 506 1093 564 VI,
1120 508 1193 554 31.
1227 508 1287 554 ita
1305 509 1415 556 scri-

109 585 282 637 bendo:
315 591 410 639 τόδ’
434 595 481 638 ἐν
499 595 622 651 μέσῳ
647 590 695 634 δὲ
717 588 947 648 τούρανοῦ
974 606 1024 634 τε
1055 592 1136 634 καί
1166 591 1337 642 χθονὸς
1363 594 1415 638 Οἱ

107 674 187 723 μέν
206 671 508 726 ὀνομάζουσιν
529 671 651 724 χάος.
704 668 815 715 Nam
839 685 976 731 quum
1008 685 1031 714 a
1063 676 1208 722 χαίνω
1233 668 1417 716 descen-

111 747 208 806 dat,
256 767 383 798 omne
426 748 645 813 significat
677 748 725 796 id
760 747 881 812 quod
917 760 981 796 est
1015 767 1199 795 vacuum
1245 749 1416 816 lateque

110 840 249 894 patet,
286 848 323 876 v.
355 832 481 876 Varr.
514 830 563 877 L.
594 830 642 876 L.
674 828 750 887 IV,
783 831 826 875 3.

557 975 783 1039 Fragm.
834 975 968 1025 XLII.

241 1068 368 1120 Suid.
404 1069 429 1118 l.
466 1089 500 1118 c.
537 1070 703 1137 pergit:

208 1154 308 1198 Καί
349 1143 510 1201 αὖθις·
562 1153 587 1197 ὁ
632 1156 681 1199 δὲ
716 1159 920 1214 φλυαρεῖ.
978 1156 1059 1199 καί
1092 1155 1248 1211 μάτην
1289 1157 1423 1213 ἡμῶν

113 1233 254 1295 λ’ἤρον
287 1239 500 1285 καταχεῖ.
553 1234 639 1280 τοῦ
668 1236 810 1288 χάους
849 1233 1151 1296 ἀρχαιότερον
1187 1239 1269 1283 καί
1299 1245 1422 1299 Κρο-

113 1315 220 1361 νιῶν
252 1315 496 1366 ἀπόζοντα.

147 1392 327 1442 Scribe:
362 1427 657 1442 .......
691 1395 718 1442 ὁ
751 1397 800 1441 δὲ
832 1401 1033 1457 φλυαρεῖ

366 1477 448 1522 καί
476 1476 632 1533 μάτην
660 1477 792 1533 ἡμῶν
814 1477 955 1536 λῆρον
983 1483 1194 1540 καταχεῖ)

367 1558 452 1604 τοῦ
484 1558 639 1608 Χάους
672 1557 971 1618 ἀρχαιότερον

366 1641 448 1684 καί
474 1640 681 1700 Κρονιῶν
710 1638 943 1690 ἀπόζοντα
973 1670 1260 1684 .......

362 1852 571 1864 -υ--
587 1850 823 1864 ———-—-uu
840 1854 889 1862 ——-

367 1920 761 1935 ——U—————Uu—

366 1990 725 2004 —uu——v———u

228 2028 280 2074 Is
309 2038 466 2075 autem
496 2037 705 2092 nugatur
738 2033 781 2072 et
813 2033 980 2072 temere
1010 2021 1317 2069 deliramenta
1349 2036 1432 2065 no-

124 2106 196 2153 bis
219 2106 434 2170 dqfundit
455 2109 586 2157 Clzao
617 2107 866 2156 vetustiora
899 2114 942 2152 et
969 2103 1194 2150 Saturnia
1221 2110 1433 2165 tempora

125 2186 393 2235 redolentia.

255 2273 322 2321 Ex
365 2274 556 2323 carmine
589 2275 697 2322 haec
739 2271 943 2320 videntur
976 2276 1185 2335 [exempta
1228 2261 1434 2331 populari

127 2366 170 2404 et
203 2354 325 2420 quod
349 2354 621 2402 festivitatem
643 2354 763 2418 vulgi
790 2363 1122 2401 consectaretur.
1189 2343 1436 2395 Abundant

128 2437 287 2485 Graeci
323 2434 539 2501 ejusmodi
573 2436 718 2482 verbis
754 2433 916 2500 quibus
951 2432 1149 2479 obsoleta
1183 2436 1334 2475 notent
1368 2424 1436 2471 in-

128 2516 336 2581 signiter,
381 2534 418 2563 v.
454 2516 578 2564 Suid.
613 2518 820 2578 Κρονιῶν
852 2513 937 2566 ὄζει
949 2550 967 2578 ,
1002 2512 1112 2560 Poll.
1147 2511 1202 2566 II,
1236 2511 1311 2565 3.,
1346 2511 1437 2552 ἔλε-

129 2616 215 2661 γον
234 2600 339 2649 τοὺς
359 2601 581 2660 οὶρχαίους
604 2601 684 2644 καί
709 2597 913 2660 Κρόνους
937 2597 1016 2643 καί
1034 2594 1257 2654 Κόδρους,
1292 2587 1439 2652 Phry-
