1677 3059
563 233 626 242 —-
733 204 822 249 107
935 230 998 237 —

129 342 260 391 Unde
291 353 407 392 reete
440 341 634 394 Huschk.
671 339 846 389 Tibullo
884 339 1074 388 admovit
1106 339 1141 398 I,
1175 338 1222 396 4,
1255 339 1330 387 31.

198 424 344 487 Quam
370 425 507 490 jacet,
539 423 735 472 infirmae
759 441 915 471 venere
937 422 1016 470 ubi
1040 422 1128 469 fata
1152 431 1366 478 senectae,

262 505 352 568 Qui
373 505 496 570 prior
517 505 620 552 Eleo
649 514 713 552 est
734 523 906 552 carcere
931 505 1092 552 missus
1118 503 1279 568 equus!

130 586 244 633 Hinc
274 585 320 632 iu
353 585 686 651 proverbiorum
716 585 850 633 vicem
887 586 1114 651 delapsum
1150 597 1240 642 est,
1275 602 1313 634 v,
1350 583 1432 629 Ze-

131 666 237 716 nob.
271 665 414 729 Adag.
447 665 522 721 IV,
556 664 633 714 41.
680 671 822 728 Ἵππῳ
856 669 1138 728 γηράσκοντι
1181 668 1242 713 τα
1275 668 1435 721 μείονα

134 748 263 794 ocum?
289 751 474 809 ἐπίβαλε
509 748 613 810 (scr.
646 748 875 811 ἐπιβάλλε)
890 783 908 810 ,
954 746 1033 795 ubi
1079 746 1284 794 Schottus
1332 745 1434 792 citat

134 828 258 891 Virg.
295 827 458 889 Georg.
491 827 568 884 III,
604 829 680 877 96.

197 909 326 955 Hunc
354 924 532 972 quoque
557 907 636 955 ubi
672 918 747 955 aut
779 906 935 956 morbo
964 908 1107 973 gravis
1138 920 1211 956 aut
1244 908 1331 973 jam
1366 924 1434 954 se-

893 989 1023 1052 gnior
1057 991 1181 1037 annis

196 1066 382 1127 Deficit,
419 1069 533 1116 abde
558 1069 689 1116 domo
709 1086 790 1116 nec
812 1069 929 1134 turpi
954 1071 1131 1133 ignosce
1159 1085 1371 1124 senectae.

252 1150 506 1197 Contrarius
539 1150 667 1216 plane
698 1149 850 1216 Ibyeio
888 1162 952 1197 est
993 1171 1130 1217 equus
1158 1153 1438 1219 Sophoclius,

139 1229 214 1294 qui
248 1233 397 1291 ὀρθὸν
430 1223 508 1282 οὖς
539 1234 689 1289 ἵστησι
700 1266 717 1294 ,
769 1230 868 1278 licet
908 1249 1039 1279 senex
1087 1233 1168 1291 sit,
1222 1253 1260 1284 v,
1300 1236 1438 1302 Soph.

136 1311 295 1364 Electr.
318 1315 381 1360 25
402 1331 515 1378 sqq.‚
549 1312 766 1378 Leopard.
791 1312 952 1363 Emdtt.
984 1313 1038 1370 H,
1068 1318 1145 1364 25.
1191 1317 1289 1363 Non
1323 1331 1441 1367 recte

138 1394 331 1441 Ennium
369 1393 517 1442 statuit
561 1391 772 1440 Columna
816 1405 856 1441 et
889 1393 1137 1445 Gernhard.
1175 1399 1439 1462 expressisse

140 1474 430 1540 Sophoclem,
486 1493 616 1538 quem
664 1473 850 1540 Ibycum
890 1486 988 1521 ante
1034 1476 1182 1523 oculos
1233 1478 1440 1528 habuisse

140 1566 271 1620 patet.
348 1556 427 1602 Est
462 1566 501 1601 et
535 1553 654 1601 aliud
688 1554 969 1619 proverbium
994 1558 1134 1603 ἵππου
1166 1563 1339 1624 γῆρας,
1385 1562 1441 1609 de

142 1653 230 1700 quo
263 1636 421 1686 Arsen.
458 1635 571 1685 Viol.
607 1655 650 1701 p.
690 1636 798 1685 304.
832 1639 908 1682 ἐπί
938 1639 1031 1683 τῶν
1062 1642 1108 1684 ἐν
1146 1641 1324 1697 νεότητι
1367 1647 1441 1690 εὐ-

141 1719 510 1780 δαιμονούντων,
562 1722 609 1764 ἐν
643 1718 766 1780 γήρα
799 1722 848 1764 δὲ
881 1721 1236 1774 ἀτιμαζομένων.
1318 1722 1442 1770 Cete-

136 1804 239 1844 'rum
272 1797 522 1847 Mehlhorn.
558 1799 651 1845 sine
688 1816 841 1845 caussa
870 1798 997 1861 signa
1030 1798 1209 1847 lacunae
1242 1814 1343 1868 post
1363 1809 1444 1867 ἔβα

143 1891 304 1945 posuit.

621 2042 846 2103 Fragm.
898 2040 971 2091 HI.

278 2152 436 2201 Athen.
470 2153 547 2210 DK,
582 2170 626 2217 p.
663 2151 772 2201 388.
808 2152 858 2201 Ε.

152 2240 247 2283 Αἰεί
264 2241 334 2299 μ’,
357 2229 394 2284 ὦ
417 2243 668 2302 φίλεθυμὲ,
691 2240 966 2299 τανύπτερος
978 2239 1036 2287 ὠς
1056 2239 1146 2284 ὅκα
1157 2246 1446 2302 πορφυρίς...

152 2319 203 2365 ><

152 2380 269 2387 u——n—
290 2375 922 2390 —Uv—UU—vu——Uv-U—

277 2427 462 2488 Semper
495 2442 580 2480 me,
616 2444 643 2471 o
677 2443 781 2471 care
800 2426 970 2479 anime,
1003 2425 1222 2486 expansis
1256 2424 1347 2471 alis
1382 2443 1449 2470 ve-

154 2507 247 2553 lati
270 2524 511 2569 purpurea
545 2506 640 2551 avis
671 2543 678 2550 .
717 2544 724 2551 .
762 2545 770 2552 .
812 2545 820 2552 .

229 2610 232 2614 ’
282 2599 457 2647 Dixisse
496 2599 774 2647 manifestum
819 2609 884 2646 est
916 2609 1090 2665 poetam
1128 2598 1175 2645 in
1210 2597 1327 2644 hunc
1361 2597 1453 2644 fere
