1677 3059
550 244 613 251 —
725 216 815 264 189
923 243 987 251 —-

116 355 226 403 nihil
262 355 466 404 videntur
509 355 755 421 significare
793 355 878 401 nisi
922 355 1079 403 vallum
1124 368 1419 409 constructum

116 435 298 484 artificio
335 440 610 502 (παλάμαις)
644 437 868 484 homiuum
908 456 958 484 ex
993 436 1216 503 lapidibus
1250 439 1419 488 selectis

117 528 159 564 et
189 529 281 566 arte
304 518 441 566 sactis.
481 551 541 558 -—
607 523 650 565 2.
686 523 783 565 πεδ’
812 521 1050 580 οέναριτᾶν.
1115 520 1216 565 Uno
1238 519 1320 567 hoc
1344 540 1420 568 vo-

116 597 274 646 cabulo
322 599 622 666 discrepamus
666 617 689 646 a
731 598 980 656 Boeckhio‚
1027 600 1162 647 secuti
1209 599 1419 648 disertum

115 680 412 727 testimonium
459 681 701 737 Athenaei,
755 683 974 740 ἀναρίτης
1017 679 1179 727 dixisse
1222 680 1417 748 Ibycum.

117 760 319 809 Ceterum
352 761 554 809 vitiosum
586 761 696 809 illud
729 767 876 808 παῖδα
912 760 1002 808 fere
1030 760 1195 825 ubique
1230 779 1420 827 occupa-

114 840 174 886 vit
219 840 364 889 locum
404 842 742 908 praepositionis
786 847 932 904 πέδω,
983 859 1094 905 quae
1131 852 1193 887 est
1235 842 1419 900 Dorum,

116 919 191 966 cfr.
223 922 342 968 Bast.
378 922 510 985 Greg.
548 922 645 969 Cor.
677 941 718 987 p.
746 922 936 984 63847)
1005 922 1072 968 De
1108 920 1295 969 cochleis
1326 923 1419 970 istis

168 1111 236 1162 47)
264 1114 383 1150 Veluu'
403 1116 496 1163 apud
526 1116 698 1150 Alcaeum
725 1116 829 1163 srgm.
854 1115 984 1149 XXVI.
1008 1113 1133 1149 Matth.
1163 1129 1286 1150 omncs
1312 1116 1421 1151 libros

245 1179 370 1215 invasit
408 1194 513 1228 quem
553 1181 767 1229 exagitamus
805 1193 975 1215 errorem.
1048 1180 1080 1214 Is
1108 1194 1227 1215 versus
1257 1182 1302 1216 ita
1333 1183 1422 1216 scri—

243 1244 381 1279 bendus
409 1253 476 1280 est:

298 1311 454 1358 Κρονίδα
477 1311 647 1357 βασίληος
663 1312 763 1357 γένος
779 1315 870 1347 Az'az·
887 1311 942 1347 τόν
959 1310 1098 1360 ἄριστοι1
1118 1310 1191 1346 πεδ’
1210 1311 1387 1355 Ἀχιλλέα.

246 1373 385 1410 Omnes
424 1376 576 1410 editores
604 1377 790 1423 βασιλῆας,
833 1380 929 1426 quod
958 1376 1264 1428 προπαροξυτόνως
1289 1377 1424 1423 signavi

247 1441 387 1474 monitu
417 1441 657 1476 Choerobose.
691 1442 798 1478 Bekk.
828 1458 861 1491 p.
896 1445 1009 1481 1194.
1048 1449 1082 1480 οἱ
1110 1446 1250 1479 παλαιοὶ
1286 1445 1425 1482 Αἰολεῖς

249 1506 587 1553 προπαροξύΐῡυσΰ,
625 1507 815 1552 Ἀκίλληος
843 1515 898 1545 καὶ
930 1511 1110 1556 βασίληος.
1177 1508 1271 1542 Tum
1301 1520 1424 1541 omncs

249 1568 342 1607 ,Αἶαν
362 1578 570 1613 tenuerunt,
599 1573 657 1619 qui
679 1574 896 1608 accusativus
919 1575 1070 1609 debebat
1097 1587 1192 1615 esse,
1223 1580 1260 1607 ut
1282 1580 1314 1606 et
1336 1586 1424 1606 con-

249 1636 417 1671 formatio
445 1638 613 1671 orationis
640 1639 713 1685 ipsa
744 1640 874 1673 indicat
904 1648 936 1674 ct
963 1647 1108 1673 testatur
1137 1639 1231 1673 idem
1263 1637 1424 1672 Chocro-

250 1702 350 1736 hose.
375 1715 410 1749 p.
449 1703 561 1738 1183.
589 1705 747 1749 λέγουσιν
774 1709 807 1739 οἱ
836 1711 971 1749 ποιηταὶ
1000 1704 1162 1745 πολλάκις
1189 1702 1209 1739 ὁ
1236 1707 1337 1744 Αἴας,
1365 1703 1426 1738 τοῦ

251 1769 326 1803 ,Αἶα
344 1772 400 1803 καὶ
428 1766 447 1804 ὁ
475 1767 595 1816 Δρύας
619 1771 681 1805 τοῦ
699 1768 800 1818 Aqua
827 1776 883 1805 καὶ
912 1770 930 1806 ὁ
953 1771 1047 1812 Θόας
1075 1772 1135 1806 τοῦ
1154 1768 1250 1808 Θόα,
1280 1768 1324 1810 ὦς
1346 1767 1425 1816 παρ’

251 1832 407 1882 ἹῙσιόδῳ
434 1832 485 1869 ‘H
509 1836 546 1870 δὲ
583 1833 678 1872 Θόαν
704 1837 794 1871 τέκεν
818 1835 905 1872 υἱόν.
937 1841 993 1870 καὶ
1029 1834 1109 1883 παρ’
1137 1833 1309 1881 Ἀλκαίῳ·
1338 1837 1429 1870 Αὶάι

251 1899 310 1936 τὸν
335 1897 484 1947 ἄριστον.
541 1900 806 1935 proverbialem
828 1901 901 1935 sere
922 1901 1113 1935 dictionem
1135 1900 1308 1944 Optimus
1324 1902 1430 1942 Asa-1:

251 1972 341 2010 post
369 1966 549 2000 Achillem
578 1965 703 1999 Manli.
732 1966 914 2000 illustravit
941 1979 1013 1999 uno
1043 1965 1137 1999 Scol.
1167 1979 1222 2012 ap.
1244 1964 1326 2000 Ath.
1348 1966 1430 2007 XV,

256 2042 292 2075 p.
326 2030 417 2072 695,
447 2029 487 2064 C.
562 2031 619 2066 Tu
658 2031 749 2065 adde
789 2032 934 2065 Homer.
959 2031 998 2065 ll.
1028 2031 1072 2073 II,
1103 2032 1191 2066 673.
1222 2031 1289 2074 aL,
1326 2031 1431 2065 Pind.

257 2093 362 2129 Nem.
390 2095 471 2138 Vll,
498 2097 583 2139 27.,
624 2097 710 2130 Hor.
743 2097 775 2131 II
804 2097 956 2131 Sci-mm.
987 2098 1022 2138 3,
1057 2096 1164 2138 193.,
1206 2096 1355 2141 Quintil.
1387 2096 1432 2138 X,

262 2158 299 2201 1,
325 2159 409 2202 65.,
439 2160 596 2195 Eustath.
625 2162 664 2195 ll.
688 2176 722 2209 p.
748 2162 839 2204 511,
876 2162 932 2196 18.
965 2163 1068 2195 Rom.
1134 2161 1205 2196 Sed
1235 2175 1344 2208 quum
1375 2174 1433 2195 sc-

260 2223 332 2257 mel
352 2224 566 2271 attigerimus
588 2227 774 2269 Alcaeum,
799 2228 982 2271 adjicimus
1011 2227 1161 2273 paucula
1185 2234 1218 2260 et
1244 2227 1286 2260 ad
1310 2240 1433 2260 emcn-

263 2287 422 2323 dandum
458 2291 665 2336 opusculum
702 2292 936 2326 Matthiamnn
980 2299 1012 2325 et
1050 2291 1093 2325 ad
1131 2290 1434 2338 lueupletaudum,

265 2367 356 2402 quae
395 2367 504 2400 quum
535 2357 685 2390 maxime
715 2365 927 2398 occurrunt,
971 2356 1162 2391 levidensia
1193 2357 1251 2390 illa
1291 2357 1434 2402 quidem

265 2426 302 2453 ut
329 2425 408 2466 post
435 2419 552 2461 Neuii,
581 2421 731 2456 Seidleri
755 2422 906 2456 aliorum
931 2435 1045 2456 curaS.
1099 2422 1220 2469 Frgm.
1243 2420 1369 2455 CXIX.
1396 2434 1436 2455 ex

265 2497 338 2518 uno
377 2483 572 2530 Tryphone
612 2487 797 2532 repetitum
844 2486 1026 2520 emendari
1064 2487 1192 2533 poterit
1229 2499 1266 2520 ex
1306 2486 1437 2523 πάθεσι

265 2550 330 2585 τῶν
365 2551 485 2590 λέξεων
524 2550 602 2584 cod.
642 2550 753 2585 Paris.
783 2552 901 2587 2594.
933 2565 987 2598 ap.
1017 2550 1124 2586 Bekk.
1163 2551 1232 2586 An.
1259 2565 1292 2598 p.
1324 2552 1436 2587 1168.

268 2616 489 2663 προς-τίθεται
515 2616 552 2651 δὲ
581 2620 638 2651 καὶ
665 2615 702 2651 τό
731 2616 761 2649 F
788 2616 868 2664 παρ’
895 2617 1058 2652 Αἰολεῦσι
1088 2621 1145 2652 καὶ
1164 2613 1260 2652 Ἴωσι
1287 2622 1343 2653 καὶ
1362 2619 1441 2654 Am«
