1677 3059
533 217 970 262 -33—

99 374 250 404 rorum
282 354 667 420 reprehensionem
708 353 930 403 intuleris:
986 355 1095 403 nihil
1130 357 1245 404 enim
1276 358 1403 407 saciat

98 436 157 484 ad
200 436 446 501 Agathonis
492 435 858 502 comparationem
904 435 962 483 ob
1007 436 1207 484 habitum
1247 457 1403 503 parum

98 517 263 565 virilem
307 517 520 581 exagitati.
599 515 717 563 Nihil
753 516 858 563 dicit
895 518 1041 576 aliud,
1086 519 1172 566 nisi
1197 520 1242 566 in
1276 520 1403 567 luxu-

96 598 325 645 riosiorem
367 597 529 645 cultum
571 597 768 662 corporis
815 596 896 644 hos
938 611 1090 663 poetas
1136 601 1402 665 compositos

97 678 307 726 cecinisse
334 678 389 725 ad
411 678 550 745 lyram
574 678 847 726 mollioribus
867 677 1035 725 modis:
1073 698 1203 743 quem
1231 680 1277 726 in
1299 700 1403 728 con-

95 759 218 806 viviis
263 759 445 823 aliisque
485 758 608 805 festis
658 758 944 807 conventibus
986 778 1152 807 morem
1194 779 1403 823 regnasse

95 851 376 906 pervagatum
403 850 477 886 est.
547 840 608 886 Ut
633 851 782 887 nostra
813 839 993 905 quidem
1016 841 1127 886 ratio
1156 840 1286 905 plane
1312 842 1402 889 dis-

95 930 242 986 crepet
273 937 298 966 a
331 919 605 979 Welcker0‚
640 921 768 969 Jahn.
801 919 975 968 Annall.
1004 921 1141 968 1830.
1175 924 1207 969 I.
1243 941 1285 988 p.
1308 927 1383 971 20.

222 999 481 1048 Leviuscula
512 1019 583 1049 res
607 993 684 1050 'est
711 1020 854 1068 neque
888 1001 1209 1066 praetereunda
1231 1015 1402 1062 tamen,

95 1100 226 1147 quam
269 1080 338 1127 hic
377 1082 730 1130 memorabimus.
819 1081 939 1129 Dicit
981 1080 1109 1127 Ovid.
1154 1082 1301 1131 Tristt.
1347 1086 1402 1141 II,

94 1163 185 1211 361
213 1180 310 1227 sqq.
344 1172 517 1209 teneros
548 1181 637 1210 non
663 1183 710 1211 se
733 1163 875 1210 solum
896 1162 1196 1226 composuisse
1217 1183 1401 1223 amores,

95 1244 337 1309 composito
371 1261 536 1308 poenas
569 1243 712 1291 solum
743 1262 891 1290 amore
923 1243 1110 1289 dedisse.
1178 1244 1341 1293 Addit:

159 1323 308 1387 Quid,
344 1324 429 1371 nisi
462 1343 560 1372 cum
594 1323 730 1370 multo
761 1325 977 1371 Venerem
1000 1323 1272 1372 confundere
1303 1328 1402 1374 vino

222 1405 454 1470 Praecepit
486 1405 635 1471 Lyrici
671 1405 777 1450 Teia
809 1405 940 1451 Musa
976 1404 1125 1450 senis?

91 1486 167 1534 Ad
212 1503 324 1550 quae
369 1484 651 1533 memorabile
697 1496 783 1543 est,
834 1485 880 1530 in
925 1483 1075 1530 codice
1117 1488 1401 1549 praestantis-

92 1568 203 1615 simo
238 1566 423 1614 Puteani
457 1564 768 1630 nonnullisque
804 1564 898 1611 aliis
930 1563 1201 1628 adscriptum
1234 1583 1328 1613 esse
1357 1568 1402 1613 in

91 1646 312 1711 margine:

155 1726 319 1776 Aloeus
350 1727 549 1790 ingentes
582 1727 715 1774 movit
749 1739 1010 1794 praeceptor
1045 1729 1248 1784 Amores,

168 1839 172 1842 -
218 1807 380 1866 Alxceus
412 1808 508 1873 ipse
543 1819 688 1855 tamen
720 1810 877 1857 transit
908 1811 954 1857 in
988 1809 1099 1857 urbe
1135 1826 1226 1854 sua.

88 1890 241 1956 anue
277 1889 486 1936 Heinsius
523 1907 572 1935 ex
607 1888 704 1937 loco
740 1890 1113 1947 Tusculanarum,
1173 1907 1303 1953 quem
1341 1900 1403 1936 at-

88 1970 267 2018 tulimus
302 1987 460 2035 supra‚
497 1988 521 2016 a
554 1970 689 2017 sciolo
727 1972 920 2036 quodam
954 1971 1137 2036 repetita
1171 1969 1402 2017 intellexit:

89 2050 336 2099 verissime:
381 2069 484 2097 nam
524 2069 635 2115 quos
684 2052 890 2099 librarius
934 2062 1084 2117 poetas
1122 2049 1242 2115 apud
1279 2051 1403 2096 Cice-

88 2148 243 2177 ronem
271 2131 319 2178 in
350 2129 481 2178 simili
516 2149 563 2178 re
601 2134 866 2198 compositos
905 2130 1125 2187 meminit,
1176 2148 1200 2175 a
1228 2130 1403 2175 Nasone

90 2210 277 2258 omissos
312 2229 440 2276 aegre
474 2212 596 2271 tulit;
654 2214 750 2278 ipse
794 2213 1010 2280 supplevit
1048 2211 1113 2258 vel
1150 2221 1402 2272 utrumque,

88 2290 154 2337 vel
187 2289 380 2338 alterum.
461 2294 742 2340 Burmannus
778 2295 822 2341 in
871 2294 1019 2358 priore
1061 2309 1190 2338 versu
1227 2290 1404 2353 scripsit

88 2373 291 2435 Ibycus,
325 2372 372 2419 in
394 2371 537 2437 ,altero
571 2385 687 2421 recte
723 2378 920 2430 mansit,
964 2372 1051 2418 nisi
1087 2372 1239 2418 eodeni
1276 2370 1402 2416 intel-

89 2452 203 2500 lectu
234 2454 420 2500 retinere
452 2452 576 2499 malis
600 2458 787 2512 transit,
821 2455 886 2502 cll.
914 2455 1057 2518 Intpp.
1083 2450 1184 2498 Sall.
1212 2449 1333 2496 Catil.
1357 2453 1399 2496 2.

89 2532 185 2596 Ego
220 2534 257 2580 si
301 2532 434 2580 modo
475 2532 660 2598 Ibycum
697 2534 949 2581 memoravit
982 2532 1222 2594 glossator,
1280 2530 1401 2578 alteri

94 2614 238 2661 versui
271 2614 412 2661 addo:
450 2613 643 2678 priorem
678 2615 845 2678 refingo
877 2615 923 2661 in
958 2614 1071 2660 hanc
1108 2612 1318 2677 speciem:

1097 2696 1125 2739 3
