1677 3059
659 206 723 212 --
837 178 929 221 19³5
1037 202 1100 209 —

228 313 342 360 tinae
378 313 541 370 filium,
593 324 811 380 repugnat
845 312 1081 369 Aelianus,
1140 311 1215 376 qui
1248 330 1336 359 non
1372 323 1542 380 poterat

230 394 474 459 conjunctis
509 395 676 443 Aristia
712 405 754 441 et
786 392 1095 459 Apollophane
1132 392 1318 441 addere:
1354 396 1545 451 ποιηταί

231 480 488 537 κωμῳδίας.
567 475 709 521 Nobis
755 486 983 540 peccatum
1028 473 1201 520 videtur
1244 474 1289 520 in
1335 475 1543 520 termina-

231 555 347 601 tione
391 554 509 602 vocis
553 554 926 619 reponendusque
966 556 1315 617 Ἀριστοφάνης,
1367 555 1460 618 ejus
1497 565 1545 600 ut

232 634 443 680 memoria
476 635 659 700 repetita
694 635 749 682 sit
784 653 834 681 ex
861 635 1034 691 fabula,
1073 634 1142 681 cui
1179 635 1423 682 Senectutis
1463 655 1544 683 no-

232 732 333 761 men
367 714 638 780 praefixerat.
707 717 757 762 In
791 719 920 780 Γήρα
954 716 1069 764 enim
1104 716 1547 781 repraesentabantur

234 812 360 842 senes
393 795 571 860 juvenili
606 798 732 844 aetati
778 796 964 855 redditi,
1017 799 1070 844 τὸ
1107 801 1251 859 γῆρας
1286 799 1546 860 ἀποβαλόν-

235 894 332 940 τες,
376 887 424 924 ut
458 876 712 925 Athenaeus
750 879 807 925 ait
842 878 915 924 III.
953 898 994 943 p.
1024 879 1128 926 109.
1165 880 1213 925 F.
1294 877 1343 923 In
1381 876 1545 942 quibus

236 957 381 1004 verbis
426 968 468 1004 et
508 956 618 1022 ipsis
664 957 858 1004 alludere
900 958 957 1004 ad
993 958 1187 1004 fabulam
1235 959 1449 1023 serpentis
1484 958 1548 1004 vi-

238 1036 388 1086 detur:
438 1056 539 1084 nam
573 1041 718 1099 γῆρας
753 1048 794 1084 et
836 1039 1008 1085 senium
1052 1049 1093 1084 et
1135 1037 1291 1102 pellem
1333 1038 1549 1100 significat

239 1130 517 1182 serpentum,
552 1117 682 1165 veluti
717 1119 851 1166 Arist.
888 1120 990 1166 Pac.
1027 1120 1134 1166 336.
1217 1118 1303 1164 Csr.
1342 1118 1548 1165 Suevern.

242 1197 296 1244 de
331 1199 464 1245 Arist.
493 1198 642 1246 sabula
668 1201 797 1264 Γήρᾳ
817 1219 859 1266 p.
888 1203 917 1248 5
946 1219 1041 1265 sqq.
1111 1197 1459 1263 Apollophanis,
1496 1199 1551 1246 de

243 1298 329 1343 quo
368 1279 549 1327 solerter
586 1282 785 1346 exposuit
819 1281 1008 1329 Meinek.
1046 1291 1229 1346 quaestt.
1267 1298 1382 1328 scen.
1415 1281 1471 1338 II,
1506 1299 1549 1346 p.

243 1363 343 1418 73.‚
391 1360 587 1425 quinque
629 1361 865 1409 laudantur
901 1360 1102 1410 fabulae:
1150 1363 1312 1426 Δαλις,
1359 1363 1552 1426 Κρῆτες,

244 1442 436 1505 Λαναη,
470 1447 751 1508 Κένταυροι,
792 1447 1034 1505 Ἰφιγὲρων.
1100 1443 1424 1505 Argumentum
1459 1442 1553 1507 ejus

246 1539 377 1587 quam
423 1521 576 1569 ultimo
612 1523 708 1571 loco
742 1524 945 1591 reposui,
997 1523 1137 1570 simile
1173 1524 1309 1570 fuisse
1346 1523 1554 1587 conjicias

245 1600 420 1658 fabulae
457 1603 831 1670 Aristophaneae:
883 1604 1006 1670 quod
1044 1606 1228 1651 innuere
1275 1603 1448 1650 videtur
1487 1601 1554 1648 vel

245 1700 405 1729 nomen
426 1686 665 1747 Ἰφιγὲρων.
732 1688 794 1733 Ut
826 1685 871 1732 in
907 1704 958 1732 ea
980 1683 1132 1732 fabula
1166 1684 1223 1731 ad
1249 1682 1479 1750 dipsadem
1515 1694 1557 1730 et

247 1763 419 1821 asinum
452 1763 639 1811 allusum
673 1784 940 1814 censeamus,
1007 1765 1111 1813 Fuit
1142 1765 1276 1829 igitur
1305 1765 1455 1812 fabula
1489 1764 1558 1812 di-

248 1845 460 1907 gnissima
492 1844 710 1909 jocatione
744 1848 1072 1906 comoedorum,
1109 1847 1294 1911 indigna
1319 1845 1557 1909 tragoedis.

249 1924 462 1991 Superest
506 1943 558 1973 ex
602 1926 792 1975 carmine
838 1928 1018 1997 Ibycio,
1081 1928 1167 1976 nisi
1213 1928 1326 1976 ludit
1371 1927 1558 1983 animus,

249 2004 489 2054 frustulum
525 2007 647 2074 apud

663 2155 888 2219 Fragm.
936 2156 1144 2207 XXXIX,

382 2245 602 2317 Porphyr.
638 2251 684 2298 in
719 2251 898 2300 Ptolem.
934 2251 1142 2299 Harmon.
1170 2271 1237 2319 ap.
1265 2252 1414 2301 Vallis.
1443 2252 1561 2319 Opp.

252 2326 327 2384 ΙΙΙ,
364 2345 406 2392 Ρ.
436 2331 545 2377 255.

356 2415 538 2464 Ταχέως
569 2414 660 2475 γὰρ
692 2413 750 2461 ἄν
782 2430 847 2465 τις
879 2414 972 2460 τῶν
1004 2418 1207 2477 ἀπείρων
1240 2419 1323 2471 μὲν
1346 2416 1568 2471 μουσικῆς

257 2493 337 2535 καί
367 2492 461 2538 τῶν
491 2495 714 2542 τοιούτων
745 2496 1094 2559 θεωρημάτων,
1128 2497 1162 2542 οἳ
1183 2497 1263 2542 νῦν
1285 2495 1568 2554 ψηλαφῶμεν

254 2573 380 2625 ’ἡμεῖς
392 2608 409 2635 ,
445 2577 492 2620 ἐν
512 2578 562 2621 δὲ
583 2583 676 2627 τοῖς
696 2583 974 2638 σοφιστικοῖς
997 2578 1147 2638 λόγοις
1174 2579 1540 2632 καλινδουμένων
