1677 3059
572 180 1008 232 —213—

136 337 204 384 ap.
251 319 392 370 ssoiss.
428 319 454 366 l.
490 339 526 371 c.
566 321 735 384 Ἴβυκος
775 323 801 368 ὁ
841 321 1025 382 λυρικός
1068 321 1262 377 ποιητὴς
1303 323 1442 370 τοῦτό

135 417 286 458 φησιν.
353 400 490 465 Apud
523 402 746 449 Marinum
781 418 916 464 quum
944 400 1072 448 codd.
1110 400 1157 450 C.
1193 400 1243 450 L.
1281 400 1334 448 G.
1371 407 1442 449 δε-

134 481 259 530 §sacas
291 481 550 538 ministrent,
585 482 789 531 δεδεικώς
823 481 885 538 C.,
921 482 1134 546 scriptum
1167 492 1340 546 oportet
1370 488 1442 530 δε-

135 562 330 624 δωκώς,-
362 564 500 619 μήτοι
535 561 665 608 unius
689 562 723 608 F
726 560 973 609 abricianae
1005 562 1267 625 scripturam
1303 573 1441 610 exter-

134 641 301 688 minant
335 641 448 688 libri.
518 641 681 688 Suidae
717 641 951 707 exemplari
974 641 1296 689 Mediolanensi
1332 642 1442 690 nihil

134 719 227 768 sere
258 722 486 770 intercedit
521 742 620 770 cum
661 722 925 769 Kusteriano
965 722 1311 787 discrepantiae,
1354 724 1440 771 nisi

137 802 257 865 quod
291 802 400 850 illud
434 806 694 860 ἀμπλακῶν
727 801 796 849 bis
832 803 1025 868 praebet.

247 893 374 938 Nunc
409 891 518 956 quid
548 892 710 958 Ibycus
747 890 972 955 reliquerit
1008 909 1224 940 eruamus.
1293 895 1443 952 Μὴτοι

133 970 243 1019 illud
275 989 366 1018 non
400 971 749 1019 commendatum
783 971 1032 1036 praecipuis
1068 972 1335 1036 quibusdam
1365 993 1443 1021 au-

134 1051 407 1099 ctoritatibus
441 1051 561 1098 nullo
604 1062 732 1116 pacto
778 1051 1003 1100 tolerabile
1047 1070 1142 1099 esse
1176 1053 1445 1118 persuadere

133 1133 311 1180 molitur
356 1135 629 1196 I-Ioogeveen.
677 1131 732 1178 de
777 1133 953 1198 particc.
1003 1133 1047 1190 I,
1093 1152 1135 1197 p.
1172 1137 1308 1192 770.‚
1353 1154 1442 1182 uno

135 1215 297 1260 omisso
333 1231 473 1278 eoque
505 1213 762 1276 gravissimo
790 1224 1046 1276 argumento
1065 1250 1076 1269 ,
1114 1215 1235 1278 quod
1258 1227 1445 1263 metrum

134 1294 400 1360 pessumdat.
469 1295 740 1358 Frequenter
774 1294 1052 1342 commixtum
1081 1315 1172 1360 τοι,
1203 1315 1267 1360 τι,
1302 1315 1370 1361 τε,
1405 1316 1442 1344 v.

134 1375 283 1423 Elmsl.
319 1374 456 1440 Soph.
494 1375 548 1421 O.
587 1374 632 1419 C.
662 1375 770 1421 450.
837 1374 967 1422 Velut
997 1377 1155 1425 Aesch.
1188 1377 1273 1440 Ag.
1303 1377 1412 1425 460.

407 1463 444 1507 εἰ
476 1465 517 1507 δ’
547 1460 783 1516 ἐτητύμως

226 1546 292 1592 τίς
322 1535 467 1604 οἶδεν,
501 1540 606 1597 ἦτοι
629 1546 757 1587 θεῖον
787 1542 884 1587 ἐστι’
914 1542 980 1599 μὴ
1013 1542 1162 1600 ψύθος
1171 1560 1198 1606 ,⁴

654 1640 691 1666 ει

138 1706 274 1753 quum
296 1685 485 1733 Florent.
523 1685 618 1732 cod.
653 1687 756 1743 ἤτοι
789 1686 1013 1745 exhibeat,
1051 1687 1156 1745 ’ἤτοι
1178 1707 1321 1755 neque
1348 1707 1449 1737 sen-

138 1768 208 1816 sui
241 1784 384 1831 neque
423 1778 561 1813 metro
598 1766 836 1814 admodum
882 1787 1130 1831 congruens
1172 1771 1231 1817 ita
1272 1769 1448 1834 expelli-

137 1867 260 1905 mus,
306 1858 353 1893 ut
386 1850 470 1894 εἴτε
502 1847 549 1893 in
583 1866 761 1895 vacuam
795 1851 1121 1914 possessionem
1156 1849 1447 1896 restituamus.

140 1928 276 1993 Quod
320 1939 462 1975 autem
507 1947 532 1975 a
566 1929 859 1994 scriptoribus
905 1929 972 1976 vel
1016 1931 1342 1986 ἑδυςωπούμην
1384 1928 1450 1975 vel

140 2016 310 2058 δέδοικε
347 2008 413 2055 vel
448 2008 606 2055 similia
651 2008 954 2073 praefiguntur
996 2010 1112 2057 dicto
1158 2008 1338 2073 Ibycio,
1404 2008 1452 2054 in

142 2109 241 2138 eum
276 2107 466 2137 errorem
509 2101 611 2155 post
645 2089 929 2136 Plutarchum
966 2102 1007 2137 et
1046 2090 1237 2137 Ursinus
1273 2089 1376 2135 olim
1413 2097 1454 2133 et

141 2172 292 2219 Pauw.
327 2170 375 2216 in
410 2170 577 2236 Phryn.
615 2189 658 2236 p.
696 2171 800 2218 190.
836 2169 946 2217 Lob.
985 2181 1026 2216 et
1059 2186 1203 2234 nuper
1248 2167 1452 2214 Boisson.

143 2250 403 2316 praecipites
449 2261 654 2308 ruerunt,
712 2250 832 2299 idem
867 2261 915 2297 ut
958 2248 1103 2296 verbis
1138 2259 1293 2314 poetae
1334 2246 1457 2294 Rhe-

145 2331 236 2394 gini
279 2329 641 2395 praeponendum
689 2331 1027 2380 arbitrarentur:
1079 2329 1204 2394 cujus
1253 2326 1456 2394 pravitati

145 2411 314 2476 judicii,
351 2410 477 2475 cujus
508 2428 553 2456 se
583 2411 821 2460 immunem
849 2412 915 2460 vel
951 2408 1112 2457 Suidas
1138 2409 1368 2474 praestitit,
1405 2406 1458 2454 li-

148 2503 235 2538 tem
278 2489 465 2537 intendit
512 2490 745 2539 Ruhnken.
785 2494 832 2541 in
878 2491 1107 2538 Timaeum
1149 2509 1192 2556 p.
1229 2492 1315 2547 903
1372 2504 1461 2553 quo

147 2572 270 2637 jure,
304 2571 371 2618 vel
407 2572 625 2637 scriptura
644 2571 820 2639 Synesii
849 2571 1046 2619 Gudiani
1067 2570 1330 2620 documento
1357 2579 1462 2616 esto.
