1677 3059
544 212 603 220 -
718 185 808 233 145
923 215 988 223 -

110 326 308 391 Apparet
336 323 462 371 facile
497 325 632 372 cuivis
664 343 754 373 non
787 341 972 390 prorsus
1005 323 1152 373 hebeti
1186 326 1294 376 haec
1327 350 1417 380 non

113 418 200 454 tam
236 405 454 472 quadrare
488 406 534 452 in
567 405 860 473 Autolycum,
907 423 1038 471 quam
1074 405 1145 453 cui
1180 410 1308 472 quasi
1341 430 1417 458 au-

113 498 295 550 guratus
343 487 491 533 sutura
524 504 683 533 nomen
717 485 933 533 indidisse
976 486 1158 550 fingitur
1200 502 1415 556 nepotem.

113 569 175 614 Ut
207 568 336 634 plane
358 567 572 615 assentiar
593 565 816 613 Nitzschio
843 565 898 612 de
926 566 1075 613 consil.
1103 567 1268 636 Odyss.
1293 572 1417 620 Tom.

112 647 168 705 H,
190 667 233 714 p.
259 648 484 695 XXXVII.
548 646 794 712 Propinant
824 645 929 693 alias
960 647 1150 694 nominis
1187 648 1419 699 derivatio-

112 746 192 775 nes
229 727 301 776 alii
334 747 426 776 non
461 728 606 774 minus
649 727 739 773 sere
777 725 991 784 absonaS,
1047 726 1178 776 veluti
1213 729 1418 797 Sophocl.

113 810 161 857 in
194 810 280 857 vita
315 808 452 874 Soph.
491 827 533 874 p.
562 808 672 865 387,
708 809 783 854 30.
819 806 1026 854 Dindorf.

176 891 331 952 ὀρθῶς
350 893 391 936 δ’
415 890 658 940 Ὀδυσσεὺς
680 892 764 945 εἰμ’
792 888 1026 943 ἐπώνυμος
1049 897 1208 943 κακοῖς
1222 910 1234 922 ·

175 971 341 1016 πολλοὶ
361 971 452 1031 γὰρ
471 970 710 1016 ὠδύσαντο
736 975 959 1030 δυσσεβεῖς
979 973 1082 1026 ἐμοί
1091 990 1102 1001 ·

111 1049 235 1098 Alias
257 1049 356 1096 vide
378 1049 423 1095 in
446 1050 588 1116 Etym.
615 1050 677 1096 M.
705 1068 738 1096 s.
763 1068 798 1094 v.
816 1085 827 1106 ,
857 1048 1024 1096 Platon.
1055 1050 1214 1117 Cratyl.
1241 1070 1283 1116 p.
1311 1055 1420 1111 397,

112 1131 191 1188 R,
238 1128 302 1177 cll.
335 1130 485 1176 Mezir.
521 1130 567 1176 in
601 1129 729 1177 Ovid.
765 1129 976 1176 Heroidd.
1017 1132 1050 1187 I,
1084 1150 1126 1196 p.
1162 1135 1237 1179 20.
1291 1134 1422 1181 Haud

114 1210 250 1259 dubie
294 1209 511 1273 significat
554 1229 714 1257 nomen
762 1229 867 1256 eum
911 1212 999 1275 qui
1039 1213 1190 1259 iratus
1234 1224 1324 1269 est,
1376 1226 1424 1261 ut

113 1301 465 1357 repraesentetur
498 1291 624 1337 furor
657 1291 804 1338 herois
846 1289 891 1336 in
927 1309 1105 1355 gregem
1148 1297 1425 1356 μνηστήρων

113 1373 436 1436 ὑπερφιάλων,
482 1373 906 1435 ὑπερηνορεόντων,
965 1373 1086 1436 qnod
1121 1384 1186 1420 est
1220 1386 1350 1438 caput
1384 1386 1425 1422 et

113 1469 312 1500 summus
346 1451 447 1498 finis
482 1452 614 1498 totius
646 1451 877 1518 Odysseae
904 1453 1173 1500 Homericae.
1228 1453 1425 1518 Eamque

113 1531 449 1596 originationem
495 1550 630 1596 quum
665 1532 838 1597 ineptae
873 1532 1062 1580 relicuae
1098 1533 1186 1579 sint
1229 1545 1425 1580 secutum

112 1612 299 1680 stycum
332 1610 563 1659 verisimile
595 1611 778 1659 videtur.
871 1611 1001 1659 Tales
1047 1624 1190 1660 autem
1232 1615 1427 1678 origina-

114 1696 256 1743 tiones
306 1691 533 1740 nominum
577 1692 860 1758 propriorum
907 1711 1043 1757 quum
1088 1694 1293 1742 omnibus
1336 1695 1427 1744 sere

114 1773 257 1841 poetis
289 1783 384 1819 tum
416 1772 795 1837 frequentissimae
825 1773 880 1820 iis
914 1773 1118 1821 videntur
1150 1775 1312 1833 fuisse,
1352 1778 1427 1840 qui

116 1853 269 1923 cyclici
303 1852 533 1910 dicuntur,
570 1852 806 1900 Hesiodiae
842 1853 1118 1924 potissimum
1153 1854 1325 1902 scholae
1359 1874 1427 1902 se-

119 1932 387 1990 ctatoribus,
423 1931 573 1997 quales
610 1933 859 1998 complexus
896 1946 959 1981 est
992 1936 1052 1981 M.
1084 1936 1203 1982 Isler.
1244 1947 1424 1999 quaestt.

117 2013 296 2060 Hesiod.
332 2031 448 2078 spec.
483 2032 526 2078 p.
559 2012 621 2060 45
653 2031 749 2078 sqq.
798 2025 839 2060 et
874 2014 949 2079 qui
984 2032 1065 2079 per
1111 2034 1284 2062 omnem
1321 2018 1427 2062 scri-

118 2103 296 2158 ptorum
326 2110 529 2157 campum
556 2104 737 2156 vagatus
767 2105 832 2140 est
859 2095 1046 2141 Meinek.
1083 2095 1128 2140 in
1162 2095 1358 2161 Euphor.
1384 2115 1426 2161 p.

123 2171 231 2219 128.
271 2171 530 2218 Accuratius
553 2172 715 2237 poterit
747 2175 930 2238 exponi,
966 2175 1002 2221 si
1031 2177 1275 2223 accuratius
1302 2177 1430 2225 etiam

122 2251 371 2298 distinxeris
402 2250 516 2297 inter
547 2263 704 2299 aetates
735 2271 983 2320 generaque
1009 2267 1262 2321 poetarum,
1295 2276 1432 2321 quum

122 2332 206 2378 hoc
238 2329 433 2377 studium
470 2329 575 2377 alias
611 2350 787 2389 caussas
817 2334 977 2383 habeat
1018 2338 1064 2383 in
1101 2337 1243 2402 poetis
1280 2338 1430 2403 epicis,

122 2414 169 2459 in
190 2411 367 2474 tragicis
399 2409 636 2476 lyricisque
661 2412 779 2460 alias.
847 2415 1012 2479 Estque
1035 2417 1082 2463 in
1116 2435 1166 2462 eo
1197 2418 1358 2475 studio,
1395 2417 1431 2464 si

125 2492 305 2559 quidem
338 2490 510 2537 modice
547 2503 785 2555 usurpetur
814 2504 856 2541 et
883 2514 980 2541 cum
1013 2497 1183 2543 ratione
1216 2516 1360 2562 neque
1386 2499 1433 2544 in

123 2572 336 2638 puerilem
371 2571 516 2619 lusum
551 2568 806 2632 degeneret,
845 2574 966 2638 quod
995 2574 1128 2621 animi
1156 2576 1335 2625 humani
1358 2597 1434 2625 na-

1160 2657 1221 2703 10
