1677 3059
531 217 594 226 -
708 190 798 236 157
911 218 975 226 —

100 331 309 379 literatam
357 346 451 376 esse
483 340 652 387 censet,
712 327 835 374 valde
881 345 1190 393 repugnamus.
1282 330 1405 397 Ibyci

98 411 186 458 fide
224 429 273 458 ea
307 411 448 458 munit
485 409 655 467 Schol.‚
702 427 814 474 quae
850 409 904 456 de
940 408 1104 473 nuptiis
1143 410 1405 459 Hermionae

100 503 230 556 atque
265 490 494 538 Diomedis
527 489 717 556 profert,
769 489 880 537 sicut
916 491 972 536 ad
1007 501 1181 555 postera
1205 490 1406 539 Polemo‹

97 571 167 618 nis
200 572 454 618 auctoritate
487 572 632 618 utitur.
692 567 813 614 Idem
843 572 968 617 tacite
1001 583 1179 618 sumunt
1201 573 1404 631 Ursinus,

97 652 384 708 Meziriacus,
419 649 690 706 Koefflerus,
743 650 991 698 Nitzschius
1029 651 1112 698 alii.
1181 655 1276 715 Γάρ
1309 665 1406 701 ante

98 723 419 781 συνδιαιτᾶται
454 731 659 796 expunxit
692 731 894 777 Ursinus.
933 762 993 769 —-

225 812 424 859 Minerva
479 811 739 858 Diomedem
783 812 1019 859 inseruisse
1067 810 1184 857 caelo
1231 814 1404 873 dieitur,

98 892 276 959 quando
321 891 414 956 ejus
450 891 604 954 religio
640 891 684 937 in
722 892 885 939 familia
932 891 1210 958 Tydidarum
1257 894 1407 942 dome-

96 974 206 1022 stica
234 972 343 1029 fuit,
391 992 428 1031 v.¹
465 974 591 1018 Hom.
620 971 667 1018 ll.
703 973 778 1030 IV,
812 974 942 1029 390„
993 973 1140 1021 Horat.
1177 974 1197 1019 I
1231 993 1405 1022 carnim.

97 1055 143 1111 6,
180 1054 254 1102 15.
291 1071 375 1118 ope
408 1052 629 1100 Palladis
667 1055 866 1116 Tydides
897 1054 1076 1116 superis
1103 1072 1208 1117 par.
1278 1056 1408 1102 Unde

98 1133 427 1199 explicationem
459 1132 592 1179 babet
617 1136 738 1198 quod
764 1147 826 1182 est
850 1154 915 1200 ap.
942 1132 1087 1179 Schol.
1115 1134 1279 1181 Callim.
1304 1137 1405 1187 Lav.

96 1213 203 1261 Pall.
228 1215 304 1264 35.
347 1214 401 1260 de
441 1212 584 1276 effigie
619 1212 847 1259 Diomedis
884 1230 980 1259 cum
1015 1214 1238 1261 Minervae
1273 1216 1407 1263 simu-

98 1293 216 1341 lacro
250 1292 307 1340 ad
337 1293 547 1341 Inachum
581 1293 746 1360 portari
783 1305 822 1341 et
849 1293 980 1340 lavari
1017 1294 1165 1351 solita,
1202 1315 1237 1341 v.
1269 1297 1407 1343 wvel-

100 1376 214 1424 cker.
259 1393 328 1440 ap,
376 1374 550 1419 Dissen.
596 1373 641 1419 in
676 1373 904 1439 Explicatt.
951 1375 1079 1421 Pind.
1114 1377 1236 1426 Nem.
1272 1379 1327 1435 X,
1365 1385 1406 1429 7,

101 1455 287 1503 Salamis
323 1453 485 1520 Cypria
521 1453 640 1517 juxta
673 1453 882 1519 templum
906 1456 1128 1504 Minervae
1151 1456 1300 1503 fanum
1333 1457 1408 1504 ha-

99 1537 198 1583 buit
230 1534 488 1591 Diomedis,
526 1534 743 1600 Porphyr.
780 1534 834 1581 de
866 1535 1095 1583 abstinent.
1132 1538 1186 1594 ΙΙ,
1217 1555 1259 1601 p.
1281 1541 1408 1598 222,

99 1618 196 1682 ipse
230 1615 468 1662 Diomedes
497 1615 706 1662 Luceriae
754 1616 976 1663 serebatur
1010 1616 1260 1663 condidisse
1303 1629 1409 1665 tem-

101 1696 224 1763 plum
258 1695 481 1743 Minervae
527 1702 732 1759 Ἀχαΐας,
780 1696 922 1742 Strab.
960 1697 1044 1753 VI,
1080 1715 1121 1761 p.
1152 1697 1259 1744 434.
1299 1698 1410 1757 Cas,

103 1777 168 1826 cll.
204 1775 300 1822 Ael.
337 1776 446 1822 Hist.
479 1777 563 1823 An.
599 1777 675 1834 XI,
699 1779 758 1833 5.‚
792 1777 935 1841 Heyn.
963 1795 1128 1823 excurs.
1156 1777 1187 1822 I.
1217 1777 1263 1823 in
1288 1778 1409 1841 Virg.

103 1860 213 1907 Aen.
248 1857 326 1914 IX,
363 1856 487 1902 Toni.
525 1856 600 1913 III,
636 1875 677 1921 p.
712 1858 843 1915 635,
880 1856 1081 1903 Koehler.
1119 1856 1173 1903 de
1209 1857 1336 1904 insul.
1373 1871 1413 1906 et

106 1957 220 1987 curs.
257 1937 366 1985 Ach.
403 1955 444 2002 p.
484 1939 587 1985 169.
660 1936 796 1998 Quod
831 1949 974 1984 autem
1008 1948 1071 1983 tot
1105 1937 1271 2002 ubique
1305 1938 1415 1986 Dio-

106 2019 224 2066 medi
259 2017 578 2066 exhibebantur
612 2017 799 2064 honores
835 2017 970 2063 divini
1007 2028 1048 2063 et
1081 2016 1202 2081 quod
1222 2017 1267 2063 in
1295 2019 1414 2066 Deos

108 2098 340 2164 recipitur,
382 2098 515 2146 fidem
549 2099 652 2145 facit
686 2098 831 2162 ipsum
865 2097 1028 2161 pariter
1064 2108 1193 2160 atque
1227 2098 1416 2145 Dioscu-

109 2194 184 2223 ros
218 2176 455 2241 antiquitus
493 2179 621 2226 deum
657 2177 872 2224 creditum
905 2176 949 2221 in
988 2175 1221 2222 humanam
1249 2177 1417 2241 paulla-

111 2255 190 2302 tim
221 2257 410 2321 speciem
437 2258 691 2322 depressum
726 2258 771 2304 in
802 2258 1022 2318 integrum
1047 2274 1141 2302 esse
1172 2258 1418 2305 restitutum

113 2355 248 2402 opera
284 2348 526 2402 poetarum.
595 2338 770 2385 Indoles
806 2348 946 2384 autem
984 2334 1130 2382 herois
1168 2336 1301 2383 divini
1334 2338 1419 2384 dif-

113 2414 304 2462 ficillima
341 2429 404 2465 est
440 2418 497 2464 ad
531 2417 858 2483 explicandum3
909 2415 1038 2462 nobis
1072 2415 1275 2479 quidem,
1318 2417 1420 2465 lice-

114 2495 179 2541 bit
215 2496 329 2542 enim
363 2498 602 2561 suspicari,
637 2497 769 2543 multa
806 2516 917 2561 quae
951 2507 1051 2543 sunt
1087 2496 1131 2542 in
1168 2495 1328 2544 fabulis
1365 2497 1421 2544 ad

115 2577 449 2639 navigationem,
484 2577 542 2624 ad
565 2577 788 2642 equitandi
810 2579 1013 2626 videntur
1036 2587 1171 2624 artem
1194 2577 1423 2625 referenda
