1677 3059
502 215 566 223 --
680 189 772 235 127
886 217 951 226 —

539 330 774 391 Fragm.
828 327 923 374 XII.

213 406 362 454 Athen
411 408 465 466 II,
501 429 543 475 p.
584 410 668 465 39,
702 409 753 454 B.

173 487 395 552 Ἴβυκός
429 509 544 550 φησι
575 492 664 548 τὴν
696 492 958 551 ἀμβροσίαν
981 492 1064 537 τοῦ
1084 494 1260 548 μέλιτος
1285 502 1388 542 κατ’

80 574 290 618 ἐπίτασιν
328 575 660 619 ἐννεαπλασίαν
691 573 808 624 ἔχειν
841 572 1143 637 γλυκύτητα,
1197 577 1250 621 τὸ
1293 581 1393 632 μέλι

80 656 226 712 λέγων
258 654 421 700 ἔνατον
452 646 567 700 εἶναι
599 656 729 713 μέρος
754 651 836 707 τῆς
866 654 1119 714 ἀμβροσίας
1150 657 1276 701 κατα
1307 658 1394 714 τὴν

79 733 264 791 ἡδονήν.

212 811 408 859 Eustath.
443 830 486 877 p.
526 812 665 870 1633,
705 813 777 859 10.
822 816 936 863 τινὲς
970 817 1018 859 δέ
1049 829 1220 875 φασιν,
1272 816 1331 864 ὠς
1362 819 1393 861 ό

79 894 317 948 μελοποιὸς
342 891 512 954 Ἴβυκος
544 893 632 950 τὴν
664 897 928 955 ἀμβροσίαν
963 900 1066 940 κατ’
1095 898 1304 940 ἐπίτασιν
1324 899 1392 941 ἐν-

79 978 369 1020 ναπλασίονα
391 973 663 1033 γλυκύτητα
684 976 801 1026 ἔχειν
828 969 921 1020 οἶδε
954 976 1065 1036 πρὸς
1085 975 1136 1021 τὸ
1171 979 1289 1038 μέλι,
1323 981 1394 1020 λε’-

78 1069 179 1113 γων
208 1053 326 1101 αὐτὸ
361 1056 524 1099 ἔνατον
556 1048 667 1100 εἶναι
699 1059 830 1114 μέρος
862 1071 959 1118 sqq.
1038 1058 1394 1102 Ἐννεαπλασίαν

78 1134 145 1192 L.‚
176 1132 352 1199 Steph.;
383 1137 629 1181 ἐνναπλασ.
660 1134 711 1180 Β.
743 1134 788 1180 C.
815 1136 866 1180 V.
891 1134 1020 1190 UrS.;
1054 1138 1393 1182 ἐνναπλασίονα

79 1212 298 1261 Eustathii
333 1225 398 1261 est
426 1215 717 1262 recentiorum
742 1215 1030 1279 scriptorum,
1065 1213 1180 1261 velut
1213 1234 1294 1279 pro
1326 1221 1393 1262 δι-

79 1296 269 1345 πλάσιος
300 1298 587 1360 διπλασίων,
625 1295 701 1343 cfr.
732 1299 784 1343 V.
819 1295 876 1344 D.
911 1294 956 1340 in
994 1294 1306 1359 Ephemeridd.
1341 1295 1393 1341 li-

79 1384 157 1422 ter.
192 1375 393 1424 Jenenss.
424 1377 563 1433 1818,
599 1395 664 1422 nr.
701 1377 779 1434 43,
814 1394 855 1441 p.
891 1375 999 1422 388.
1083 1374 1235 1436 Quare
1272 1376 1394 1441 quod

78 1455 126 1503 in
158 1455 293 1504 Arist.
326 1455 438 1520 qu.
467 1459 540 1504 70.
591 1456 796 1506 Dindorf.
830 1455 968 1521 praef.
1005 1474 1046 1521 p.
1072 1457 1144 1502 VI.
1173 1475 1394 1504 commen-

80 1537 199 1584 davit
230 1539 584 1584 ὀκταπλασίονα
617 1556 698 1602 pro
749 1539 966 1601 scriptura
1001 1536 1217 1584 librorum
1250 1543 1395 1586 ὀκτα-

79 1618 284 1680 πλάσια,
316 1619 663 1681 ὀκταπλάσιον,
701 1629 918 1665 servatum
945 1617 1053 1664 illud
1089 1636 1113 1663 a
1147 1617 1310 1675 Suida‚
1347 1619 1395 1665 id

80 1716 233 1746 vereor
274 1715 330 1744 ne
381 1695 533 1743 eadem
578 1698 747 1745 ratione
793 1700 919 1746 aetati
955 1698 1275 1763 Lexicographi
1319 1698 1396 1745 de-

80 1779 237 1826 beatur
266 1796 354 1843 qua
383 1777 505 1824 Eust.
541 1778 738 1843 corrupit
765 1779 1053 1828 Athenaeum.
1089 1810 1149 1818 -—
1192 1784 1394 1827 ἔννατον.

79 1861 154 1918 L.‚
199 1858 378 1925 Steph.,
419 1859 553 1915 Urs,;
605 1863 767 1906 ἔνατον
802 1863 886 1920 V.‚
923 1863 1072 1918 Eust.,
1120 1860 1198 1909 cfr.
1236 1860 1290 1907 de
1325 1859 1395 1907 his

79 1940 234 1987 formis
270 1937 493 1988 Sebaefer.
531 1938 688 1989 meleu.
727 1940 834 1988 critt.
868 1962 909 2008 p.
946 1946 1020 1991 32.
1091 1942 1293 1988 Ceterum
1326 1941 1396 1987 vix

83 2020 188 2068 alias
224 2021 369 2068 locum
409 2019 603 2067 habebat
637 2020 744 2068 haec
781 2021 1016 2070 declaratio
1054 2041 1185 2088 quam
1219 2022 1266 2069 in
1300 2039 1396 2069 car-

81 2100 199 2148 mine
231 2099 414 2150 ludicro.

214 2277 338 2305 nautas
364 2270 498 2306 insulae
525 2273 652 2308 Cretae
682 2275 891 2321 appulsuros
921 2277 1075 2311 arcuisse
1101 2276 1264 2319 traditur,
1293 2276 1397 2310 sefel-

213 2335 253 2370 lit
281 2349 362 2369 eum
392 2350 499 2383 prava
534 2337 638 2372 lectio
668 2338 703 2371 in
733 2339 866 2374 Scholl.
902 2342 968 2388 Ap.
996 2342 1062 2376 Rh.
1090 2342 1153 2385 IV,
1182 2341 1291 2384 640„
1334 2342 1396 2376 ubi

213 2401 404 2448 legendum
432 2403 465 2436 ἐν
491 2402 655 2449 Δαιδάλῳ
685 2416 765 2437 cum
784 2405 978 2450 Brunckio,
1007 2408 1067 2454 qui
1097 2421 1136 2441 ex
1158 2406 1283 2442 scholl.
1304 2406 1395 2440 Plat.

214 2465 425 2500 emendavit.
493 2466 564 2501 Csr.
603 2465 769 2501 Dindorf.
805 2470 933 2517 fragm.
974 2472 1158 2515 CLXXII,
1199 2470 1394 2507 VVelcker.

213 2531 396 2578 Supplem.
428 2531 561 2579 Trilog.
590 2529 720 2565 Aesch.
751 2545 785 2578 p.
812 2534 874 2570 64.
