1677 3059
695 246 760 256 ...-
884 215 946 264 14
1067 244 1133 253 -

255 363 435 410 stituere
481 376 642 407 nomen
690 358 1022 422 Hzpponactis,
1084 358 1160 422 qui
1204 361 1398 425 aequalis
1442 361 1566 430 Ibyci

253 443 360 501 suit,
404 461 442 488 V.
478 440 666 488 Clinton.
701 439 816 485 fastt.
851 437 959 485 Hell.
993 457 1036 504 p.
1068 440 1138 497 7.‚
1175 440 1444 510 Hieronymo
1476 446 1564 510 jam

253 524 337 572 alio
373 533 638 571 memoratus
672 519 781 567 loco.
867 519 1045 568 Sufficit
1079 521 1194 568 enim
1227 522 1294 569 vel
1328 523 1438 572 illud
1481 527 1562 574 ob-

251 605 440 655 movisse
462 602 619 661 solum,
654 602 917 649 carminum
944 603 1215 667 scriptorem
1245 621 1337 650 non
1365 607 1562 670 potuisse

251 686 338 735 dici
362 683 707 750 Hipponactem,
739 683 1083 748 ἰαμβογράφον,
1117 686 1410 750 ἰαμβοποιὸν,
1441 690 1559 736 iam.-

249 770 416 816 horum
448 767 718 829 scriptorem
739 762 960 810 debuisse.
1021 762 1140 811 'Nam
1161 762 1220 809 ita
1241 763 1561 833 Hieronymum

247 849 389 898 solere
428 847 708 912 interpretari
754 845 973 892 Graecum
1016 847 1232 910 λυρικὸν,
1290 852 1558 916 μελοποιὸν,

246 930 448 988 ποιητὴν
469 930 636 992 μελῶν,
674 926 843 973 dudum
874 926 1153 973 observatum
1183 938 1258 974 est.
1318 927 1420 976 Alia
1442 933 1558 979 Vos-

245 1012 312 1060 sio
357 1009 413 1057 de
466 1018 599 1074 poett.
647 1007 724 1054 Gr.
769 1026 812 1073 p.
851 1010 960 1054 203.
1007 1007 1054 1054 in
1098 1019 1286 1055 mentem
1331 1024 1552 1060 venerunt.

242 1092 442 1141 Primum
475 1090 589 1136 enim
623 1089 817 1154 quaerit,
850 1107 959 1135 num
981 1090 1185 1152 HzJDpias
1216 1087 1451 1152 legendum
1474 1094 1553 1150 sit;

243 1187 286 1224 at
320 1173 439 1220 hunc
465 1170 704 1233 elegiacum
735 1169 874 1216 fuisse
908 1180 1095 1235 poetam.
1164 1168 1409 1216 Memorata
1434 1171 1554 1218 Pon-

241 1255 326 1304 taci
361 1250 664 1301 emendatione
697 1248 900 1299 fluctuat:
934 1250 1113 1297 tandem
1147 1249 1322 1297 devenit
1353 1251 1410 1299 ad
1433 1256 1553 1317 Hip-

233 1355 338 1403 pyn
367 1333 647 1397 Rheginum:
687 1341 730 1377 at
763 1350 819 1380 ne
853 1331 964 1397 quid
999 1330 1054 1378 de
1083 1342 1219 1378 aetate
1246 1331 1389 1378 dicam
1412 1332 1551 1381 histo-

238 1417 345 1475 rici,
399 1414 523 1481 quod
556 1413 743 1460 Vossius
778 1432 878 1461 eum
906 1424 1081 1478 poetam
1114 1412 1269 1460 scribit
1300 1411 1440 1460 fuisse
1470 1433 1551 1480 pa·-

238 1497 414 1555 rodiae‚
450 1494 685 1543 choliambi
704 1495 977 1560 aliorumque
998 1494 1268 1541 inventorem
1291 1494 1548 1555 carminum,

239 1577 392 1625 sesellit
423 1595 522 1624 eum
555 1576 743 1634 Suidas,
789 1575 911 1642 apud
945 1594 1077 1640 quem
1110 1591 1222 1639 quae
1254 1592 1287 1621 s.
1322 1592 1361 1620 v.
1393 1578 1550 1628 Ἵππυς

237 1661 283 1707 in
318 1658 431 1706 hanc
462 1676 556 1706 rem
582 1668 840 1717 narrantur,
876 1656 934 1704 ad
963 1656 1284 1722 Hipponactem
1314 1654 1549 1719 pertinere,

235 1739 433 1806 proxime
462 1738 584 1805 apud
616 1739 740 1786 Suid.
764 1737 1114 1804 praecedentem,
1151 1736 1239 1801 jam
1263 1736 1454 1783 Kustero
1481 1739 1550 1786 in-

235 1820 452 1869 tellectum
488 1828 576 1879 est,
622 1839 658 1868 v.
695 1819 929 1867 Welcker.
964 1819 1159 1884 Hippon.
1194 1836 1237 1882 p.
1278 1816 1351 1864 16.
1424 1819 1548 1867 Eun-

235 1900 336 1950 dem
359 1912 504 1948 tamen
531 1920 723 1950 errorem
747 1901 914 1949 recoxit
943 1899 1110 1948 Eudoc.
1142 1897 1255 1945 Viol.
1287 1915 1329 1962 p.
1351 1899 1460 1947 245.
1485 1930 1546 1939 —

363 1982 562 2030 Primum
581 1983 688 2030 mihi
714 1983 818 2030 satis
842 1998 1081 2045 coarguere
1105 1978 1269 2026 Suidae
1291 1979 1424 2026 verba
1448 1982 1547 2047 ipsa

232 2064 450 2122 videntur,
487 2083 619 2129 quem
643 2064 873 2129 exscripsit
896 2074 1133 2118 auctorem,
1168 2058 1278 2106 nihil
1301 2059 1545 2111 affirmasse

234 2144 380 2203 aliud,
450 2144 537 2192 nisi
582 2146 639 2192 ad
682 2144 959 2212 Polycratem
1007 2142 1256 2190 Samiorum
1307 2153 1545 2209 tyrannum

232 2238 405 2291 poetam
440 2243 537 2274 sese
581 2226 839 2282 contulisse3
894 2224 1041 2289 ipsum
1077 2223 1132 2270 de
1165 2241 1245 2270 suo
1282 2225 1544 2289 apposuisse

232 2306 558 2374 Olympiadem,
597 2326 683 2372 qua
707 2306 981 2373 Polycratem
1004 2302 1282 2371 tyrannidem
1310 2307 1441 2354 sciret
1462 2307 1544 2354 ob·-

232 2388 427 2435 tinuisse.
496 2388 618 2436 Alias
643 2389 757 2435 enim
785 2385 904 2433 nude
930 2386 1179 2450 scripsisset
1209 2391 1304 2433 Ὀλ.
1332 2390 1419 2450 v6',
1451 2406 1541 2434 non

230 2469 291 2513 uti
322 2488 440 2516 nunc
470 2469 680 2534 scriptum
707 2469 903 2531 legimus.
973 2467 1028 2513 Et
1050 2466 1160 2512 illud
1192 2465 1370 2530 quidem
1391 2484 1541 2513 verum

230 2560 318 2606 cst,
354 2550 555 2598 floruisse
591 2550 865 2618 Polycratem
902 2548 971 2595 Ol.
1008 2549 1133 2606 LIV,
1171 2547 1239 2594 cui
1274 2557 1401 2593 notae
1436 2549 1539 2594 anni

229 2649 308 2678 cur
340 2631 419 2678 Lil.
463 2632 687 2699 Gyraldus
725 2631 901 2698 Olymp.
929 2631 965 2677 L
1000 2627 1300 2686 substituerit,
1345 2645 1433 2674 non
1468 2627 1536 2674 in-
