1677 3059
706 242 769 249 -
880 213 973 258 10ss
1078 198 1181 248 -‘

271 357 476 406 modum:
521 358 662 404 Instar
696 356 785 402 avis
820 356 867 401 in
902 353 1035 400 altum
1070 369 1116 398 se
1147 351 1390 411 efferentis,
1427 354 1568 400 anime

268 440 353 498 mi,
389 440 508 504 rapis
540 457 608 486 me
641 438 688 485 in
723 441 905 486 amores}

396 525 501 568 Αἰεί.
567 518 773 568 Valcken.
818 519 943 568 diatr.
979 517 1131 581 Eurip.
1168 535 1210 581 p.
1238 519 1357 574 246,
1407 534 1564 582 perpe-

266 619 358 648 ram
382 601 488 648 haec
508 600 640 646 verba
665 599 823 646 Alcaeo
866 601 1110 663 assignans,
1146 618 1182 647 V.
1211 598 1266 644 ad
1293 599 1420 660 frgm.
1443 598 1561 654 XIII,

265 682 499 746 legendum
523 681 771 746 suspicatur
802 684 935 743 αἴρεις
955 686 1019 738 μ’.
1063 681 1184 727 Licet
1205 679 1469 737 blandiatur,
1499 689 1562 725 ta-

262 782 362 810 men
397 763 441 809 in
483 761 565 808 hac
608 746 839 823 fragmenti
873 762 1081 810 brevitate
1123 782 1300 809 manum
1343 760 1561 807 abstinere

262 844 398 890 satius
434 855 525 892 est.’
602 844 655 889 Et
689 842 807 888 istud
842 847 928 891 αἰεί
963 844 1136 908 egregie
1173 844 1358 909 quadrat
1392 842 1449 889 ad
1484 840 1560 888 de-

261 923 512 971 clarandum
562 924 754 970 animum
807 935 960 988 poetae
1003 943 1229 989 nunquam
1271 943 1361 970 non
1405 923 1560 970 Amori

258 1004 523 1054 militantem.
559 1035 624 1041 -—
690 995 726 1051 ὦ
762 1011 861 1064 φίλε
886 1011 1022 1060 θυμέ.
1065 1006 1189 1052 Libri
1222 1005 1278 1051 οὗ
1308 1024 1377 1062 με.
1412 1023 1558 1052 emen-

258 1084 374 1131 davit
399 1085 735 1132 Valckenaerius
761 1084 788 1131 l.
809 1103 844 1134 e.
902 1084 1023 1131 Idem
1049 1084 1102 1131 de
1128 1084 1385 1132 allocutione
1409 1086 1556 1143 animi,

250 1172 356 1224 ,φίλε
385 1172 537 1231 θυμέ,
584 1166 693 1211 dixit
725 1166 769 1211 in
804 1166 954 1231 Eurip.
993 1166 1168 1232 Hippol.
1208 1169 1340 1224 199.‚
1389 1166 1554 1217 Liebel».

255 1247 419 1297 Arehil.
456 1267 498 1313 p.
534 1249 637 1296 105.
675 1257 715 1292 et
751 1246 804 1292 de
840 1247 1037 1310 Tragicis
1075 1249 1208 1298 Seidl.
1256 1249 1409 1314 Eurip.
1455 1248 1552 1314 Iph.

252 1328 386 1378 Taur.
420 1329 529 1379 818.
601 1327 736 1390 Quod
767 1338 816 1375 ut
851 1329 969 1393 apud
996 1329 1132 1375 serios
1165 1330 1400 1394 scriptores
1433 1321 1554 1387 ἦθος

251 1408 437 1455 orationi
473 1409 696 1466 conciliat,
751 1409 810 1456 ita
842 1409 888 1455 in
922 1410 1068 1474 jocum
1105 1410 1345 1458 detrahitur
1380 1411 1553 1458 Aristo-

248 1489 386 1555 phani
418 1489 608 1540 Acharn.
645 1491 754 1540 480.
788 1522 854 1528 —
935 1491 1001 1537 De
1039 1491 1178 1538 forma
1214 1494 1304 1539 ὅκα
1334 1491 1551 1539 Simonidi

251 1589 427 1635 quoque
461 1583 670 1637 usurpata
701 1591 738 1622 v,
779 1571 1028 1622 Mehlhorn,
1062 1574 1324 1622 Anacreont.
1364 1592 1406 1637 p.
1438 1574 1548 1623 208.

250 1651 358 1701 Cod.
383 1653 434 1702 Β.
463 1654 784 1715 ὁκηπορφυρίς.
854 1651 1003 1698 Voluit
1034 1652 1216 1699 forsitan
1240 1657 1547 1717 άλιπορφυρίς.

246 1733 314 1780 De
348 1732 413 1780 avi
445 1734 528 1780 ista
560 1753 598 1783 v,
633 1734 792 1783 Athen.
824 1733 852 1784 l.
889 1753 926 1784 e.

720 1881 755 1927 F
769 1899 792 1927 r
807 1899 828 1927 a
845 1900 873 1945 g
886 1900 943 1932 m,
992 1882 1066 1931 IV.

372 1976 532 2025 Athen.
567 1977 685 2034 XIII,
721 1996 764 2042 p.
789 1978 898 2036 564,
934 1978 1007 2035 F.;
1056 1977 1253 2027 Eustath.
1290 1981 1416 2031 Hom,
1453 1982 1540 2032 Od.

243 2076 286 2121 p.
325 2057 463 2114 1558,
498 2059 570 2109 17.
603 2058 729 2108 Rom.

241 2151 450 2210 Εὐρύαλε
469 2151 672 2209 γλυκεῶν
695 2157 907 2212 Χαρίτων
929 2152 1094 2213 θάλος,

241 2231 531 2286 καλλικόμων
548 2236 779 2288 μελέδημα
792 2267 810 2294 ,
844 2238 891 2278 σέ
913 2237 994 2288 μὲν
1014 2232 1187 2292 Κύπρις

239 2312 272 2360 ἆ
291 2314 330 2357 τ’
340 2315 709 2373 ἀγανοβλέφαρος
717 2315 870 2359 Πειθώ
888 2318 1102 2374 ῥοδέοισιν
1116 2316 1136 2358 ἐ
1141 2330 1162 2358 ν
1175 2312 1336 2360 ἄνθεσι
1350 2319 1536 2375 θρέψαν.

373 2608 600 2669 Euryale,
631 2607 838 2654 dulcium
874 2609 1152 2655 Gratiarum
1184 2625 1396 2669 germen,
1422 2609 1530 2672 pul-
