1677 3059
547 205 608 211 -—
721 178 809 222 135
913 203 977 209 —

100 316 212 371 430,
247 312 369 379 apud
393 313 630 360 Homerum
655 314 783 360 unius
813 322 877 359 est
899 302 1134 360 Minervae.
1207 316 1342 378 Quod
1369 334 1409 366 ut

100 394 263 461 Ibycus
297 393 344 441 in
365 394 625 442 Priameiam
659 394 869 456 virginem
902 394 1156 441 transferret
1180 414 1332 444 caussa
1369 399 1409 444 iu

104 494 154 523 eo
180 487 244 523 est
263 476 420 541 posita,
458 475 579 540 quod
613 474 668 521 ab
693 474 827 537 Ajace
850 473 964 520 Oilei
1003 493 1051 520 ex
1076 476 1236 541 templo
1263 487 1410 525 Γλαυ-

102 557 328 620 κώπιδος,
365 556 419 603 de
454 575 541 621 quo
576 575 613 603 V.
644 557 770 602 Hom.
806 554 852 600 Il.
891 555 964 611 VI,
994 555 1072 611 88,
1109 555 1174 603 cll.
1212 558 1406 604 Mueller.

101 634 303 699 Prolegg.
328 655 370 702 p.
394 639 528 696 263.‚
564 637 605 684 vi
631 635 813 701 abrepta
833 635 938 690 suit;
982 636 1096 682 unde
1123 636 1272 702 Eurip.
1298 639 1407 684 Tro-

102 713 202 760 add.
241 718 314 763 69.
350 718 548 765 Minerva
582 716 639 764 ad
673 718 946 781 Neptunum:

161 799 250 844 οὐκ
268 791 389 844 οἷσθ’
411 799 706 860 ὑβρισθεῖσάν
726 817 783 854 με
809 801 892 844 καί
909 799 1047 848 ναούς
1069 802 1203 853 ἐμούς
1213 816 1237 861 ,-

101 875 176 922 cfr.
213 876 334 938 Virg.
369 877 480 924 Aen.
515 877 568 933 ΙΙ,
596 876 691 924 403
719 895 815 942 sqq.
888 877 1036 939 Quare
1071 878 1154 924 nisi
1191 878 1329 924 inutili
1369 891 1402 925 et

98 955 238 1001 otioso
275 955 464 1022 epitheto
494 968 625 1022 poeta
652 975 758 1004 usus
796 967 883 1015 est,
918 958 1089 1004 videtur
1123 957 1177 1004 de
1212 959 1308 1023 ipso
1334 958 1405 1004 illo

96 1047 224 1100 raptu
260 1055 403 1084 sermo
439 1038 598 1085 fuisse:
649 1036 770 1102 quod
802 1037 839 1083 si
875 1039 1131 1095 statuimus,
1167 1058 1223 1086 nc
1256 1044 1406 1100 ἐρασι-

95 1120 340 1175 πλόκαμον
367 1119 546 1182 quidem
579 1119 619 1165 vi
656 1136 736 1166 sua
769 1117 956 1164 carebit:
1007 1137 1107 1165 nam
1140 1121 1281 1184 passis
1317 1131 1404 1166 tra-

96 1196 284 1243 hebatur
315 1198 465 1245 infelix
500 1199 622 1262 virgo
661 1197 840 1263 capillis.
928 1202 1059 1261 Τυρώ
1102 1202 1405 1262 ἑρασιπλὸκα-

93 1295 177 1333 μσς
210 1289 275 1325 est
308 1278 435 1325 Pind.
471 1279 603 1344 Pyth.
640 1281 714 1335 IV,
752 1281 854 1326 136.
934 1279 1279 1344 Repudiavimus
1327 1299 1403 1326 au-

92 1368 179 1404 tem
211 1359 472 1425 scripturam
507 1361 634 1407 codd.
670 1360 832 1408 Pariss.
870 1362 1153 1424 Κασάνδρα,
1191 1380 1321 1426 quam
1358 1373 1403 1408 ut

94 1440 382 1504 antiquiorem
413 1452 558 1488 tuetur
587 1440 789 1505 Hcynius
824 1440 952 1488 Hom.
988 1439 1034 1484 Il.
1070 1441 1186 1497 XIII,
1219 1443 1324 1489 366.
1362 1454 1402 1489 et

93 1520 253 1577 XXIV,
292 1522 397 1567 699.
488 1523 652 1568 Verum
688 1538 823 1585 quum
859 1539 883 1567 a
918 1539 954 1565 v.
997 1522 1119 1573 κάζω
1165 1520 1402 1569 descendat

93 1619 196 1656 vox,
244 1611 289 1646 ut
320 1605 628 1664 Καστιάνειρα
665 1614 704 1648 ct
736 1600 825 1648 rell.
864 1620 930 1664 ap.
962 1599 1159 1647 Mueller.
1197 1603 1398 1665 Prolcgg.

92 1698 134 1744 p.
157 1682 273 1737 291,
310 1680 440 1728 breve
477 1681 608 1729 habet
644 1702 710 1747 cc)-
742 1682 848 1730 alias
881 1681 1000 1746 apud
1035 1682 1274 1729 Homerum
1300 1692 1398 1741 Κη-

92 1763 268 1822 σάνδρα
289 1761 502 1825 scriptum
524 1762 647 1810 foret.
719 1763 984 1827 Quanquam
1019 1762 1062 1807 in
1097 1762 1271 1808 vasculo
1299 1782 1398 1827 per-

89 1852 258 1887 vetusto
293 1841 338 1887 in
376 1861 463 1907 quo
498 1855 561 1890 est
589 1844 758 1891 facinus
793 1843 966 1908 Ajacis‚
1015 1841 1286 1889 Cassandrae
1321 1863 1397 1908 ap-

90 1921 254 1985 pictum
289 1922 447 1985 legit-ur
468 1931 810 1987 ΚΕΣΛΝΛΡΛ,
845 1943 881 1968 v.
910 1921 1123 1969 Labordii
1147 1940 1247 1968 vasa
1268 1924 1396 1971 Lam-

89 2000 212 2064 berg.
247 2003 301 2059 II,
338 2002 424 2049 tab.
453 2004 529 2051 24.
608 2005 657 2050 In
699 2005 844 2051 numis
879 2002 1153 2067 frequentius
1198 2001 1396 2068 duplica-

89 2092 162 2128 tur
193 2073 253 2145 3,
290 2082 451 2146 quibus
473 2097 588 2132 recte
622 2086 913 2152 astipulantur
939 2082 1129 2129 Boeckh.
1154 2095 1257 2130 nott.
1284 2086 1393 2134 critt.

89 2159 219 2207 Pind.
249 2161 379 2224 Pyth.
406 2165 482 2222 XI,
509 2169 602 2224 20„
635 2167 870 2213 Hermann.
903 2165 1005 2211 Eur.
1032 2165 1133 2209 Hec.
1159 2165 1234 2211 86.
1263 2165 1392 2227 ·Qui-

90 2240 174 2287 bus
211 2240 326 2286 addo
361 2241 571 2293 disertum
597 2246 893 2293 testimonium
915 2243 1068 2291 veteris
1096 2245 1392 2303 Grammafici,

90 2351 151 2358 —
182 2339 285 2367 nam
329 2326 591 2372 contrarium
625 2326 823 2373 nondum
860 2326 984 2373 evicit
1017 2325 1291 2387 Madvigius,
1332 2357 1390 2363 —

88 2401 274 2448 Minucii
306 2402 481 2467 Apulcji
517 2424 559 2469 p.
586 2412 626 2456 6.
653 2407 819 2453 Osann.
870 2405 1149 2452 »Cassandra
1185 2407 1270 2453 lilia
1296 2409 1391 2454 Pri-

86 2482 172 2529 ami
206 2494 323 2529 vates
357 2486 546 2547 geminat
575 2475 644 2536 Z«
673 2519 733 2524 —
804 2488 1002 2533 Ceterum
1041 2497 1225 2531 retracto
1271 2487 1392 2550 quod

85 2562 353 2628 imprudenti
378 2565 579 2629 Prolegg.
608 2586 648 2631 p.
676 2567 749 2614 58.
780 2567 937 2614 excidit
972 2567 1167 2628 ignotum
1206 2567 1390 2613 Cassan-
