1677 3059
559 210 623 218 —
731 181 822 228 167
931 208 993 217 —

119 319 386 359 maticulorum
411 321 629 360 reserantur
656 320 811 372 accepti.
875 321 1049 360 Kleinius
1079 330 1205 360 autem
1235 326 1337 374 quod
1367 327 1416 363 di-

120 388 176 426 xit
204 403 244 428 se
271 381 372 428 ἆ-θλα
401 404 552 429 carmen
578 388 843 441 inscripsisse,
883 391 970 442 quia
994 393 1176 443 praemia
1204 392 1248 430 ab
1280 393 1421 432 Acasto

118 456 284 496 exhibita
323 459 472 511 saepius
511 459 777 507 laudarentur,
823 460 862 498 id
899 475 1010 512 quam
1052 461 1129 499 vim
1168 459 1302 498 habeat
1342 476 1420 499 non

116 527 321 579 perspicio.
395 528 485 567 Non
515 541 712 582 repugno,
759 527 792 566 si
828 529 913 579 quis
943 543 1091 568 carmen
1123 542 1202 566 non
1230 521 1340 568 ἆθλοι
1367 535 1421 569 ἐπὶ

116 599 226 644 Πελίᾳ
253 596 320 634 sed
346 589 447 635 ἆθλα
473 596 684 636 inscribere
712 597 840 645 malit,
870 598 986 635 modo
1013 597 1050 635 id
1080 597 1207 635 eadem
1230 606 1421 650 potestate

116 663 261 702 dictum
289 672 497 712 statuatur;
540 665 645 717 quod
669 664 818 704 arbitrii
843 664 955 703 liberi
986 673 1045 704 est
1073 681 1189 717 quum
1223 681 1330 706 casus
1359 682 1419 706 re-

115 740 200 770 ctus
221 748 407 785 nusquam
435 734 604 787 legatur3
635 734 718 773 ludi
741 749 887 772 summa
910 734 1019 773 suere
1044 735 1233 774 carminis.
1288 737 1418 776 Usita-

111 807 194 839 tum
219 795 321 840 ἆθλα
343 816 415 854 pro
442 796 554 841 ἆθλοι
579 803 864 856 posterioribus
894 804 1137 855 potissimum
1164 804 1417 856 scriptoribus

112 882 149 908 v.
170 870 293 922 Intpp.
313 868 457 924 Hygin.
483 884 519 922 p.
540 874 603 909 80.
630 872 794 922 Staver.‚
824 873 930 925 quod
957 886 1036 910 non
1062 873 1254 925 reputavit
1278 875 1416 913 Graev.

111 938 152 976 in
180 938 334 977 Lucian.
361 938 514 978 Soloec.
541 954 577 992 p.
607 943 673 981 44.

215 1006 430 1046 Stesichori
455 1008 632 1047 carminis
664 1017 850 1061 quattuor
877 1008 1089 1063 fragmenta
1114 1010 1336 1064 complexus
1359 1018 1417 1049 est

108 1073 306 1114 Kleinius:
337 1090 503 1128 quorum
534 1078 573 1115 in
601 1078 727 1130 primo
754 1079 871 1117 tradit
895 1086 1008 1131 poeta
1036 1079 1272 1117 Mercurium
1298 1079 1415 1117 Dios-

109 1143 213 1182 curis
239 1143 453 1199 Phlogeum
480 1154 519 1185 et
545 1147 765 1201 llarpagum
796 1162 917 1199 equos
939 1147 1103 1195 dedisse,
1131 1147 1327 1186 Junoncm
1349 1162 1415 1185 au-

108 1219 187 1252 tem
214 1213 409 1253 Xanthum
437 1223 476 1253 et
501 1213 710 1269 Cyllarum.
769 1216 864 1253 Nam
894 1231 1011 1268 quum
1039 1218 1070 1254 δ’
1099 1218 1291 1258 Ἐξάλιθον
1320 1216 1417 1255 scri-

108 1289 218 1335 ptum
246 1291 370 1331 esset,
399 1288 436 1322 δὲ
465 1286 604 1323 Ξάνθον
630 1283 802 1322 restituit
828 1284 1095 1323 Ilemsterhus.
1124 1284 1163 1322 in
1193 1285 1346 1324 Lucian.
1368 1287 1414 1332 ll,

108 1366 146 1404 p.
169 1356 259 1391 338.
284 1353 340 1391 ed.
362 1353 470 1405 Bip.‚
499 1352 717 1406 planissime
738 1352 969 1393 confirmans
993 1354 1297 1393 emendationem
1316 1354 1413 1392 duo-

107 1419 180 1459 bus
206 1420 302 1459 locis
330 1421 492 1460 Tertull.
522 1422 568 1460 de
597 1428 758 1474 spectac.
784 1422 849 1458 lx.
877 1436 913 1473 p.
938 1425 998 1461 94.
1018 1422 1081 1470 A.‚
1112 1423 1278 1477 Philarg.
1306 1423 1412 1476 Virg.

106 1490 188 1529 Ecl.
217 1491 282 1538 lll,
312 1493 399 1538 89„
440 1491 506 1542 qui
536 1491 581 1529 ad
614 1497 753 1543 poetas
783 1490 998 1529 Graeculos
1030 1492 1280 1544 provocavit,
1322 1492 1412 1530 satis

106 1567 342 1612 arroganter.
402 1558 555 1606 Quibus
585 1558 720 1596 tertius
747 1558 927 1597 succedat
950 1567 1085 1597 auctor
1108 1560 1283 1600 Prob.·in
1304 1561 1412 1614 Virg.

109 1628 254 1680 Georg.
283 1628 312 1672 l,
339 1629 397 1664 12.
433 1615 613 1663 »Idcirco
643 1626 768 1678 (quod
796 1627 1018 1664 aestimatur
1043 1627 1220 1681 princeps
1249 1630 1411 1683 originis

105 1709 295 1748 equorum
322 1693 548 1748 Neptunus)
588 1698 706 1733 eliam
732 1702 873 1747 poetae
905 1697 1065 1734 trallunt
1075 1726 1086 1744 ,
1131 1698 1181 1734 ab
1211 1712 1254 1736 co
1291 1699 1413 1736 dona-

106 1773 187 1804 tum
214 1779 354 1818 equum
381 1764 555 1803 Adrasto
584 1764 759 1812 Ariona,
793 1772 829 1802 el
858 1765 1003 1802 Junom'
1030 1766 1224 1804 Xanthum
1255 1773 1291 1804 ct
1325 1767 1411 1820 Cyl-

106 1837 239 1882 laron,
270 1849 364 1888 quos
392 1835 461 1872 illa
490 1835 638 1872 dedet-il
668 1833 825 1871 Castori
853 1841 889 1871 et
918 1834 1082 1872 Polluci.
1095 1851 1112 1866 «
1167 1835 1269 1874 Iiinc
1301 1844 1340 1874 ct
1367 1836 1411 1873 il-

105 1904 174 1943 lud
201 1903 417 1951 lucramur,
453 1909 498 1940 ut
527 1902 757 1951 Neptuniam
787 1917 975 1954 equorum
1005 1903 1194 1956 originem
1229 1912 1267 1942 et
1293 1905 1411 1957 ipsam

106 1986 153 2011 ex
170 1970 410 2011 Stesichorio
430 1970 594 2009 carmine
618 1972 810 2009 videamus
834 1972 1002 2009 haustam
1031 1972 1130 2024 ¹Qui
1152 1981 1276 2011 autem
1299 1974 1410 2027 frgm.

107 2041 134 2077 1.
160 2040 276 2078 verba
303 2040 342 2078 in
368 2053 551 2077 versuum
579 2039 739 2077 sormam
769 2041 1024 2092 redegerunt,
1056 2055 1195 2080 vereor
1215 2057 1264 2081 ne
1286 2050 1410 2081 actum

107 2108 267 2162 egerint.
332 2109 428 2148 Nam
456 2108 519 2147 vel
546 2116 607 2146 tot
636 2109 799 2160 spondei
827 2109 1066 2163 dactylorum
1098 2111 1185 2148 loco
1219 2112 1413 2150 commissi

105 2178 150 2216 ab
175 2191 220 2216 eo
257 2177 419 2216 consilio
447 2177 643 2216 dehortari
673 2177 862 2216 debebant
890 2186 1023 2230 estque
1051 2180 1210 2218 omnino
1241 2180 1411 2219 sterilior

104 2247 250 2296 oratio,
289 2261 400 2298 quam
428 2261 522 2298 quae
552 2254 713 2300 putetur
735 2255 881 2300 poetae.

210 2315 358 2353 Addam
394 2329 498 2354 nunc
524 2316 699 2367 quintum
734 2316 943 2355 frustulum
974 2315 1174 2364 carminis,
1207 2315 1311 2367 quod
1343 2328 1408 2354 ex-

106 2392 182 2423 stat
211 2384 310 2436 apud
336 2383 480 2422 Zenob.
508 2398 644 2436 provv.
664 2387 732 2434 lv,
759 2387 822 2424 44.
852 2387 1060 2435 Χειροβρῶιι
1087 2387 1222 2434 δεσμῷ.
1253 2394 1326 2428 τοῖς
1348 2401 1408 2422 πο-

106 2463 236 2497 κτικοῖς
261 2459 387 2502 εἵμασι.
412 2457 470 2491 διὰ
494 2455 532 2492 τὸ
550 2456 609 2498 τὰς
627 2456 756 2504 σάρκας
773 2456 965 2493 διακόπτειν
988 2462 1045 2491 καὶ
1069 2456 1268 2492 ἀναλίσκειν.
1325 2458 1409 2491 Βέλ-

106 2541 177 2563 τιον
203 2526 328 2572 δεσμὸν
345 2524 481 2562 ἀκούειν
507 2525 565 2561 τὸν
591 2524 895 2573 ἀποβιβςᾳώ.)κονῑα
921 2526 963 2561 τώ
991 2533 1096 2573 χεῖρε.
1123 2523 1255 2567 ἐδεήθη
1283 2523 1350 2571 γάρ
1377 2526 1412 2559 ἓν

109 2609 171 2632 τινι
209 2598 352 2645 πετραίῳ
382 2597 603 2643 Στησίχορος
631 2593 809 2642 εὐναρχεῖι’
839 2610 853 2630 t
865 2596 890 2630 ὦ
902 2610 918 2629 r
944 2597 959 2629 ἐ
972 2600 1016 2629 πὶ
1044 2599 1102 2629 He
1112 2596 1133 2628 λ
1142 2597 1186 2629 ia
1196 2607 1212 2628 v
1238 2591 1263 2629 ἄ
1274 2597 1306 2629 ’θ
1317 2597 1336 2629 λ
1345 2608 1370 2629 ω
1381 2609 1407 2629 ν.
