1677 3059
565 231 628 240 --
735 203 829 248 205
937 229 1000 238 --

125 341 293 399 locum,
341 343 418 407 qui
453 351 517 388 est
551 341 678 405 frgm.
707 341 903 389 LXXVI.
942 341 1101 399 Mein,
1147 341 1206 389 ita
1244 342 1432 407 scripse-

124 421 209 468 rim
240 423 433 486 vestigiis
463 422 671 469 tenaciter
702 421 961 469 inhaerens:

192 497 289 549 Εἶτ’
323 503 450 560 ἄνθη
477 508 692 564 πέμᾳιγες
726 504 1012 555 ἔπιπλά-ζουσι
1044 504 1280 567 θαλόντα,

126 591 227 629 tum
272 582 443 631 imbres
483 582 716 630 inundant
737 585 887 649 flores
930 586 1138 647 vigentes.
1222 584 1435 632 Θαλόντα

126 673 276 711 tueare
310 664 542 710 Homerico
577 668 747 728 ἔθαλε,
783 661 912 726 vulgo
944 667 1168 712 θανόντα.
1233 665 1434 715 Aliorum

127 744 326 808 pericula
359 765 396 795 v.
435 763 504 810 ap.
539 745 839 792 Hermannum
875 756 916 791 et
939 745 1220 794 Meinekium.

434 891 471 938 F
487 909 510 938 r
527 909 550 938 a
569 909 598 954 g
612 909 656 939 m
673 910 728 938 m.
786 891 939 938 XLIV.
995 892 1128 938 XLV.

259 985 496 1033 Herodian.
533 990 636 1049 περί
665 989 825 1049 μονὴρ.
859 991 946 1038 λε’ξ.
981 1006 1023 1052 p.
1046 990 1123 1043 32,
1159 990 1234 1035 25.
1270 988 1404 1038 Dind.

242 1073 443 1130 Τέκμωρ.
488 1072 622 1115 οὐδέν
656 1073 712 1118 εἰς
760 1060 825 1130 cn}
868 1070 1012 1128 λῆγον
1048 1072 1282 1131 οὐδέτερον
1325 1074 1437 1135 ὑπὲρ

128 1154 240 1206 μίαν
273 1150 507 1212 συλλαβὴν
533 1152 622 1202 ἔχει
648 1151 922 1207 συμπλοκὴν
955 1150 1038 1194 δύο
1062 1152 1323 1209 συμφώνων
1347 1157 1436 1215 πρὸ

127 1247 212 1275 του
244 1247 295 1274 ω.

223 1316 456 1372 Πριαμίδη
471 1346 488 1374 ‚
524 1312 588 1367 μὴ
617 1311 674 1368 δή
695 1330 751 1368 με
774 1315 887 1373 ἕλωρ
915 1318 1161 1359 Δαναοῖσιν
1185 1313 1332 1373 ἐάσῃς,

129 1398 269 1454 νίκωρ
303 1397 413 1453 παρ’
449 1394 619 1454 ἀσώτῳ
650 1394 944 1454 μιμογράφῳ.
990 1395 1144 1456 ὕδωρ,
1188 1398 1344 1456 ἕλδωρ.
1380 1402 1435 1444 ου’

130 1474 221 1535 γὰρ
244 1474 489 1530 συμπλοκὴ
518 1475 703 1537 ἐνθάδε,
741 1474 859 1520 ἄλλα
889 1473 1151 1522 διάστασις·
1183 1477 1209 1523 ὁ
1233 1481 1282 1523 δὲ
1303 1477 1436 1541 Ἰβυ-

131 1570 229 1602 κος
258 1556 361 1600 ἔσθ’
396 1554 471 1602 ὅτε
504 1556 586 1600 καί
615 1555 835 1609 θηλυκῶς
868 1557 1166 1613 προφέρεται·

229 1634 341 1684 Οὕτι
372 1635 497 1683 κατὰ
530 1639 751 1695 σφετέραν
781 1638 957 1696 ἐέλδωρ.

132 1717 215 1764 καί

228 1798 426 1845 Ἑσθλόν
459 1801 814 1858 προδεδεγμένον
845 1801 1022 1858 ἐέλδωρ.

262 1878 312 1925 In
349 1876 418 1924 his
447 1894 497 1923 ex
524 1876 611 1924 fide
634 1876 729 1923 cod.
757 1877 985 1928 Hafniens.
1011 1877 1138 1925 editis
1161 1875 1272 1924 nihil
1294 1894 1440 1926 emen-

134 1959 283 2006 datum
319 1957 464 2005 adhuc
500 1969 565 2005 est
608 1958 694 2004 nisi
731 1958 952 2005 verissime
989 1978 1013 2007 a
1044 1957 1277 2008 Dindorfio
1311 1962 1442 2021 παρὰ

134 2040 340 2100 Σώφρονι
373 2043 442 2102 τῷ
473 2041 782 2102 μιμογραφςο,
819 2049 860 2084 et
880 2042 1055 2096 ἐσθλήν
1086 2038 1132 2084 in
1157 2036 1292 2085 altero
1315 2038 1440 2106 Ibyci

134 2120 263 2183 srgm.
299 2137 325 2165 a
356 2118 566 2178 Blochio‚
603 2118 724 2185 quod
747 2119 977 2183 oportebat
998 2119 1185 2166 ἐσθλαν.
1252 2117 1440 2164 Deci-eto

136 2211 280 2247 autem
313 2200 553 2249 Herodiani
587 2201 805 2248 neminem
838 2198 932 2246 fore
967 2209 1074 2264 puto
1108 2197 1216 2262 quin
1239 2196 1442 2244 cohibeat

134 2279 378 2347 paullisper
411 2300 651 2332 assensum.
720 2279 983 2329 Incredibile
1020 2278 1134 2326 enim
1169 2276 1326 2325 accidit
1349 2295 1441 2323 ma-

137 2379 358 2427 gnopere,
393 2380 657 2426 quemquam
679 2369 842 2426 ἐέλδωρ
869 2358 1077 2408 feminino
1099 2376 1258 2421 genere
1284 2357 1442 2405 efferre

139 2442 322 2506 ejusque
372 2453 574 2507 quartum
622 2461 770 2490 casum
816 2445 875 2490 ita
911 2440 1184 2488 conformare
1230 2440 1440 2505 potuisse,

137 2522 247 2570 nihil
285 2535 333 2570 ut
363 2542 388 2570 a
421 2534 539 2569 recto
574 2540 678 2569 casu
713 2523 970 2570 dissonaret.
1051 2522 1116 2568 Ne
1146 2519 1294 2585 plura:
1342 2519 1443 2567 reli-

139 2605 233 2669 quit
266 2604 428 2672 Ibycus
466 2603 678 2668 scriptum
711 2607 879 2669 ἐελδώ,
926 2603 1104 2650 ductum
1135 2600 1247 2648 illud
1278 2618 1330 2648 ex
1363 2599 1445 2647 alia
