1677 3059
668 199 1108 246 -206—

234 338 547 386 nominativum
579 336 776 401 fingendi
802 338 984 396 ratione,
1021 353 1212 402 quocum
1243 355 1293 385 ex
1315 356 1411 386 asse
1443 358 1545 387 cou-

233 421 353 485 gruit
387 429 569 484 quartus
604 436 744 465 casus.
813 419 944 465 Laete
976 435 1217 484 provenere
1249 419 1430 478 similia,
1474 439 1545 467 ve-

233 503 298 551 lut
329 506 359 560 ἠ
395 501 556 549 Meua}
592 518 661 564 ap.
700 497 996 562 Aeschylum,
1048 501 1082 556 ἦ
1114 501 1266 563 δοκῶ,
1302 502 1335 559 ἡ
1364 504 1544 565 γληχώ,

231 587 263 642 ἡ
297 582 431 639 οέηδώ
465 579 688 645 multaque
716 579 942 627 nominum
977 578 1263 644 propriorum
1298 599 1410 646 quae
1445 593 1548 629 sunt

235 683 286 712 ex
327 661 473 729 specie
514 664 608 709 τῶν
647 662 1046 723 ύποκοριστικῶν,
1103 670 1152 706 ut
1194 664 1346 726 Εἰδώ,
1403 665 1545 726 Ὗψώ,

232 744 404 807 Ἀφρώ,
463 741 540 791 cfr.
575 744 739 793 Buttm.
775 742 851 789 Gr.
883 738 1013 808 ampl.
1047 741 1082 799 I,
1124 742 1166 800 1,
1202 760 1245 808 p.
1269 743 1379 791 214.
1447 743 1547 791 Huc

232 826 423 894 pertinet
455 824 693 891 praecipue
738 821 860 888 quod
893 825 946 870 τὸ
983 825 1122 873 αἰδώς
1155 826 1183 872 ὁ
1222 825 1421 881 Φιλητᾶς
1451 841 1546 877 χω-

233 911 298 971 ρίς
326 908 409 955 τοῦ
443 926 473 955 σ
503 911 819 967 προηνέγκατο
854 905 1017 950 εἰπών·
1048 906 1223 965 Ἀγαθὴ
1260 907 1301 953 δ’
1327 907 1403 951 ἐπὶ
1430 905 1545 962 ἢθε-

233 1006 306 1036 σιν
337 988 482 1052 αἰδώ,
542 983 838 1032 Choerobosc.
872 982 980 1029 bibl.
1016 985 1146 1033 Coisl.
1191 1006 1234 1052 p.
1274 987 1382 1034 176.
1449 987 1548 1034 Pri-

232 1088 354 1117 mum
385 1068 525 1132 igitur
556 1067 711 1129 frgnm,
748 1065 874 1130 cujus
910 1065 1018 1113 haec
1054 1066 1224 1114 exsistit
1255 1083 1484 1116 mensura:

360 1156 416 1193 .‘..
425 1176 759 1193 uuuuuuuu
769 1180 824 1187 —
857 1158 1002 1196 verte:

361 1230 682 1295 Nequaquam
715 1242 776 1272 en:
810 1245 971 1275 eorum
1006 1229 1251 1276 voluntate.

231 1314 284 1361 In
329 1309 464 1357 altero
507 1307 790 1355 inveteratam
832 1307 977 1357 labem
1022 1309 1309 1357 abstersimus
1351 1308 1547 1376 reposito

231 1396 582 1454 ποτιδέγμενον,
630 1399 680 1435 ut
714 1406 783 1453 ap.
827 1390 954 1437 Hom.
991 1390 1112 1438 haud
1142 1390 1467 1456 infrequenter,
1507 1409 1544 1438 v.

231 1476 395 1522 Buttm.
432 1470 511 1518 Gr.
546 1469 676 1536 ampl.
705 1469 763 1528 II,
800 1471 842 1529 1,
872 1489 914 1536 p.
942 1473 1054 1530 206,
1085 1473 1128 1521 7,
1201 1472 1292 1520 Nec
1319 1481 1425 1518 tunc
1449 1472 1548 1537 qui-

233 1555 336 1602 dem
377 1553 426 1600 in
469 1552 691 1615 integrum
735 1551 935 1599 restituta
974 1552 1109 1600 verba
1142 1563 1267 1601 sunt:
1325 1563 1400 1599 aut
1433 1553 1548 1599 enim

231 1636 348 1685 ἐλδώ
391 1633 704 1690 scribendum,
758 1632 880 1697 quod
916 1650 1007 1679 non
1049 1643 1114 1680 est
1145 1633 1235 1679 veri
1267 1631 1432 1691 simile,
1475 1644 1549 1681 aut

233 1736 323 1785 quo
344 1714 547 1764 versiculi
570 1724 696 1761 tenor
716 1724 944 1761 revocetur
962 1718 1315 1778 ποτιδεγμένων,
1347 1723 1397 1760 ut
1417 1712 1545 1777 frgm.

232 1798 460 1848 emendate
493 1794 616 1842 lecti:

297 1912 499 1928 .....
527 1877 732 1924 Ἐσθλόιν
766 1878 1103 1937 ποτιδεγμένων
1132 1874 1287 1939 ἐελδώ,

527 1994 1016 2008 —q—-uU—U—‘U—-n—-n

233 2039 342 2087 haec
383 2047 590 2085 nascatur
623 2031 947 2099 interpretatio:
1004 2034 1236 2081 Faustum
1279 2042 1548 2098 exspectan-

232 2121 354 2168 tium
385 2126 551 2166 votum.

656 2261 694 2308 F
709 2278 731 2307 r
749 2278 774 2307 a
792 2278 821 2324 g
839 2279 894 2307 m.
956 2260 1131 2308 XLVII.

366 2356 559 2424 Hesych.
589 2356 643 2413 ΙΙ,
677 2375 719 2422 p.
755 2357 891 2404 1165.
926 2355 1112 2404 Alberti.

334 2445 510 2501 Σείριος.
546 2440 571 2485 ὁ
606 2440 742 2495 ἥλιος.
779 2440 858 2484 καί
890 2441 913 2485 ὁ
945 2440 1030 2484 τοῦ
1065 2439 1199 2488 κυνὸς
1231 2436 1396 2498 ἀστήρ.
1453 2444 1546 2482 Σει-

236 2527 335 2584 ρίου
371 2521 505 2570 κυνὸς
538 2524 683 2576 δίκην.
755 2521 990 2578 Σοφοκλῆς
1025 2522 1109 2566 τὸν
1150 2519 1362 2581 ἅστρώον
1405 2518 1543 2564 κύνα.

236 2604 263 2649 ὁ
299 2605 348 2648 δὲ
380 2606 633 2663 Ἀρχίλοχος
668 2600 749 2647 τὸν
782 2601 932 2647 Ἥλιον
975 2599 1124 2664 (frgm.
1169 2601 1301 2650 XLII,
1343 2594 1543 2659 Liebel.).
