1677 3059
536 194 601 199 -—
706 164 793 211 181
901 191 965 198 -

97 319 140 366 p.
162 301 270 350 278.
311 302 546 364 Ἡράκλεια
575 301 759 362 λουτρά.
795 303 871 346 ἐπί
887 301 980 347 τῶν
997 301 1124 362 δῶρα
1146 303 1404 363 λαμβανόν-

94 398 200 428 των.
236 383 358 428 κατα
384 384 559 444 δωρεὰν
585 384 674 444 γὰρ
696 384 720 428 ο’
737 382 982 440 ἸΙφαιστος
1011 387 1212 429 ἀνέδωκε
1230 383 1405 442 λουτρὰ

95 464 162 526 τῷ
189 467 402 525 Ἠρακλεῖ.
469 461 559 508 Ubi
583 481 618 508 v.
644 461 967 509 annotationem
992 461 1177 508 Walzii.
1203 460 1399 508 Eustath.

94 542 143 593 Il.
179 561 221 607 p.
256 542 394 600 1279,
429 546 472 588 2.
502 542 627 589 Rom.
672 544 828 603 θερμὰ
860 545 1026 605 λοετρα
1048 548 1137 604 ἔφη
1168 546 1281 606 πρὸς
1301 549 1402 590 δια-

95 626 244 687 φορὰν
263 625 354 670 τῶν
374 624 578 686 ψυχρῶν,
602 619 666 674 οἷς
687 627 729 669 οἱ
751 626 887 668 καλοί
908 625 1012 687 (scr.
1029 628 1241 686 παλαιοί)
1264 627 1403 685 ἥρωες

95 708 207 768 ἱδρῶ
250 706 554 763 απεψύχοντο.
610 705 667 750 τοὶ
711 707 760 750 δε
804 706 999 750 τοιαῦτα
1043 707 1124 751 καί
1167 706 1402 766 Ἡράκλεια

96 786 272 847 λουτροὲ
302 780 333 842 ἡ
368 789 593 845 παροιμία
634 787 807 844 ἔλεγεν·
857 803 982 842 ησαν
1014 789 1063 831 δὲ
1094 787 1247 831 ταῦτα
1278 784 1402 844 πρώ-

96 884 185 917 τως
218 868 299 913 καί
330 880 492 926 κυριως
524 864 586 910 τα
617 867 668 910 ἐκ
701 866 784 924 γῆς
818 867 1063 925 αυτοφυῶς
1094 866 1405 920 αναὸιδόμενα

95 949 170 994 ἐπὶ
211 946 430 1004 ἄναψυχῇ
472 962 614 1004 φασιν
659 948 921 1006 Ἡρακλέους
964 948 1235 996 αθλοῦντος.
1297 948 1401 991 ἀλλ’

96 1017 230 1078 οὗτος
260 1031 342 1084 μὲν
375 1028 399 1074 ό
434 1026 595 1088 λόγος,
642 1027 695 1073 ὃν
727 1021 820 1072 οἶδε
854 1030 935 1073 καί
966 1030 992 1075 ο’
1027 1028 1224 1083 κωμικὸς
1255 1030 1302 1073 ἐν
1335 1043 1405 1072 νε-

99 1113 254 1168 φέλαις
264 1142 282 1170 ,
315 1115 407 1157 τοῖς
428 1107 795 1162 ἀποσεμνύνουσι
816 1109 903 1164 τὴν
921 1109 1102 1170 τρυφήν
1125 1111 1266 1154 ἐθέλει
1288 1123 1402 1161 συμ-

97 1196 278 1252 φωνεῖν,
313 1190 437 1250 οἵπερ
458 1191 513 1234 οὐ
537 1188 678 1242 μόνον
707 1189 768 1234 τα
787 1191 838 1234 ἐκ
865 1191 948 1248 γῆς
969 1189 1221 1246 φαινόμενοι
1247 1187 1404 1232 πάντα

95 1269 250 1332 θερμὰ
276 1268 440 1329 λοετρὰ
467 1268 678 1329 ἱστόρουν
708 1271 774 1332 τῷ
810 1273 1038 1331 Ἡρακλεῖ,
1073 1270 1197 1315 ἄλλα
1223 1270 1303 1314 καί
1322 1267 1405 1318 τοὶς

95 1350 309 1407 μαλακὰς
342 1350 580 1410 στρωμνὰς
607 1352 871 1411 Ἡρακλέους
908 1355 1063 1401 κοίτας
1095 1350 1310 1414 ἐκάλουν,
1345 1351 1405 1399 ὥς

97 1427 174 1478 οἶα
206 1431 445 1490 τρυφεροῦ.
507 1429 594 1475 Cfr.
634 1428 820 1476 eundem
854 1429 900 1476 in
943 1429 1030 1477 Od.
1067 1450 1110 1496 p.
1151 1430 1290 1487 1594,
1329 1429 1402 1476 16.

99 1524 141 1560 et
173 1528 302 1576 quem
327 1509 573 1575 compilavit
597 1509 755 1556 Athen.
783 1510 881 1568 XII,
910 1530 953 1576 p.
983 1512 1093 1569 512,
1125 1513 1174 1561 F.
1242 1512 1310 1558 De
1328 1510 1404 1556 Pi-

100 1589 262 1638 sandro
308 1592 522 1637 consentit
567 1590 731 1639 Zenob.
768 1592 853 1648 VI,
898 1592 975 1641 49.
1019 1596 1077 1642 ὥς
1121 1596 1237 1653 φησί
1269 1596 1350 1640 καί
1378 1594 1405 1641 ὁ

98 1677 321 1733 Πίνδαρος
350 1674 376 1719 o‘
410 1674 603 1730 ποιητὴς
634 1675 682 1717 ἐν
717 1680 808 1723 τοῖς
842 1676 944 1735 περί
966 1676 1241 1734 Ἡρακλέους.
1294 1674 1406 1720 Nam

99 1752 387 1801 Pisandrum
430 1764 602 1818 praeter
647 1754 754 1802 alios
799 1753 1026 1803 substituit
1068 1753 1300 1800 Ruhnken.
1336 1772 1404 1819 ap.

100 1835 241 1901 Heyn.
278 1834 379 1880 Exc.
414 1834 444 1879 I.
482 1833 527 1878 in
562 1833 673 1881 Aen.
710 1837 764 1894 Π,
800 1855 841 1902 p.
869 1836 975 1884 287.
1010 1834 1098 1880 sive
1132 1833 1324 1899 Opuscc.
1351 1835 1408 1892 II,

100 1936 144 1982 p.
180 1916 289 1963 411.
335 1914 550 1961 Friedem.
637 1916 871 1983 Conspirat
906 1935 1004 1963 cum
1049 1915 1297 1961 narratione
1333 1915 1409 1962 Pi-

102 1997 252 2044 sandri
292 1994 454 2042 Herod.
492 1996 596 2053 VH,
636 1997 740 2044 176.
783 2029 843 2035 —
922 1995 1105 2043 Diodor.
1141 1996 1217 2052 IV,
1252 1998 1327 2042 23.
1363 1995 1410 2041 in

103 2077 251 2124 Sicilia
284 2077 417 2123 refert
443 2077 671 2142 Nymphas
705 2077 880 2125 Herculi
910 2094 1088 2142 parasse
1124 2075 1263 2122 calida
1298 2074 1413 2122 lava-

103 2176 177 2205 cra
209 2159 319 2219 πρὸς
351 2159 437 2214 τὴν
467 2159 735 2205 ἀνάπαυσιν
767 2162 847 2216 τῆς
879 2161 1001 2206 κατα
1033 2160 1117 2214 τὴν
1150 2160 1416 2217 ὁδοιπορίαν

101 2243 338 2300 γενομένης
372 2240 503 2300 αὐτῷ
538 2245 869 2290 κακοπαθειας.
938 2239 988 2283 In
1025 2256 1148 2284 suam
1189 2235 1415 2297 regionem

101 2318 416 2366 transtulerunt
458 2319 764 2376 Himerenses‚
813 2339 1000 2383 quorum
1050 2319 1198 2364 civitas
1234 2315 1416 2379 posthac

101 2400 318 2447 Thermae
349 2408 514 2454 vocata,
551 2410 599 2445 ut
633 2411 822 2462 arguunt
847 2399 981 2455 numi,
1018 2418 1053 2444 V.
1080 2395 1254 2444 Ecthel.
1281 2395 1416 2443 doctr.

105 2499 224 2528 num.
267 2480 314 2537 Ι,
346 2498 388 2544 p.
424 2479 561 2536 214,
618 2481 808 2527 Boeckh.
863 2479 1003 2545 Expll.
1050 2478 1179 2525 Pind.
1214 2496 1259 2542 p.
1296 2479 1420 2537 210„

111 2559 266 2610 Muell.
301 2560 432 2607 Dorr.
463 2561 498 2617 I,
533 2579 575 2625 p.
609 2560 715 2608 427.
787 2562 936 2623 Quum
966 2571 1107 2605 autem
1139 2558 1324 2605 diversis
1353 2578 1424 2607 re-
