1677 3059
698 236 762 245 —
875 205 970 252 160
1074 234 1138 242 —

265 365 346 412 par
382 358 445 393 est
478 347 620 393 vivere
655 345 701 392 in
737 344 867 393 caeIO.
940 343 1067 407 Quae
1094 363 1176 393 nos
1204 364 1358 394 caussa
1381 346 1579 412 impellit,

265 439 314 474 ut
355 428 602 492 rejiciamus
652 426 774 491 quod
811 425 1061 490 suspicatur
1104 426 1320 473 Fuchsius
1365 426 1419 475 de
1455 426 1577 474 sabb.

266 508 436 554 Troicc.
474 507 676 553 varietate
711 525 754 571 p.
786 507 915 564 165.‚
954 525 1003 553 ex
1036 517 1179 553 mente
1213 506 1339 573 Ibyci
1371 508 1578 555 Diomedi

265 587 471 652 nupsisse
512 587 795 634 Hermionam
834 587 881 633 in
915 587 1071 634 insulis
1106 587 1348 634 beatorum.
1385 617 1446 625 —
1525 588 1579 634 Id

267 678 411 713 autem
455 678 620 714 certum
656 679 742 727 est,
790 680 839 715 ut
879 668 1000 734 apud
1039 667 1305 725 Pindarum,
1354 667 1413 714 ita
1459 667 1580 733 apud

265 747 450 813 Ibycum
471 747 713 795 Minervam
732 748 1050 794 immortalitate
1071 758 1283 793 mactasse
1303 747 1579 806 Diomedem,

266 828 330 874 uti
377 827 582 892 Tydeum
618 840 785 893 patrem
834 828 890 875 ad
942 828 1308 875 immortalitatem
1354 839 1444 875 erat
1484 846 1610 875 eve-.

268 918 415 965 ctura,
451 926 489 956 V.
523 908 730 975 Bacchyl.
766 910 893 972 frgm.
928 910 1122 955 XLVIII.
1191 910 1304 956 Nam
1336 907 1458 973 quod
1487 907 1581 953 Ho-

267 1007 387 1035 mero
423 1006 538 1035 unus
574 989 748 1052 Jupiter
782 989 909 1052 isque
943 991 990 1035 in
1025 988 1127 1035 viris
1163 989 1329 1053 aliquot
1359 988 1445 1035 sibi
1477 1006 1581 1035 con-

267 1068 552 1134 junctissimis
587 1069 755 1134 potuit,
792 1069 840 1115 id
869 1068 1095 1134 potestatis
1127 1070 1392 1133 posteriores
1426 1080 1581 1134 poetae

267 1169 348 1196 nec
385 1150 479 1196 aliis
514 1150 712 1196 invident
745 1147 1027 1206 numinibus,
1058 1167 1095 1195 v.
1120 1149 1310 1196 Nitzscli.
1338 1150 1464 1196 Hom.
1491 1147 1578 1195 Od.

272 1231 350 1287 III,
398 1233 506 1278 236.
595 1230 863 1277 Rudimenta
907 1228 1039 1293 hujus
1084 1229 1258 1277 fabulae
1302 1229 1486 1277 forsitan
1528 1247 1580 1276 ex

272 1314 462 1362 Νόστοις
487 1312 698 1377 repetisse
722 1321 895 1375 poetam
917 1309 1170 1373 Rheginum
1192 1329 1281 1357 non
1307 1313 1400 1358 sine
1422 1328 1583 1373 magna

267 1391 578 1457 probabilitate
615 1391 792 1456 conjicit
824 1392 1023 1459 Heynius
1060 1391 1242 1439 Excurs.
1278 1392 1324 1440 in
1357 1392 1468 1440 Aen.
1503 1391 1578 1437 IX.

268 1472 295 1523 l.
334 1493 370 1523 e.
409 1503 469 1510 —-

332 1622 377 1669 2.
446 1617 870 1682 Argonautica,
918 1617 1178 1666 fortasse
1222 1611 1384 1668 ἆθλα
1427 1620 1521 1666 ἐπί

824 1705 1019 1764 Πελίᾳ.

711 1809 748 1855 F
765 1826 789 1855 r
806 1827 829 1855 a
847 1827 876 1872 g
893 1827 948 1855 m.
1006 1810 1125 1856 XXI.

398 1896 543 1944 Schol.
581 1897 668 1963 Ap.
703 1897 788 1944 Rh.
823 1901 857 1958 I,
898 1900 1006 1947 287.

331 1970 439 2030 Εἶχε
460 1980 541 2024 καί
573 1981 784 2039 ὠδελφὴν
810 1982 976 2028 Ἰάσων
1000 1978 1308 2041 Ἱππολύτην,
1354 1979 1415 2029 ὥς
1440 1996 1580 2038 φησιν

260 2057 418 2121 ’Ἱβυκ
433 2076 499 2109 ος.
564 2059 692 2124 Ibyci
715 2060 964 2107 testimonio
987 2078 1077 2106 non
1097 2058 1233 2104 utitur
1257 2057 1401 2104 Schol.
1437 2059 1578 2109 Paris.

266 2139 405 2204 Apud
448 2139 653 2205 Apollon.
699 2141 803 2188 Jaso
848 2161 993 2207 neque
1038 2140 1216 2186 fratrem
1260 2138 1395 2186 habet
1434 2157 1579 2204 neque

267 2238 474 2266 sororem.

711 2346 935 2408 Fragm.
986 2345 1126 2394 XXII.

385 2439 597 2516 Prisci—an.
626 2441 700 2498 VI,
728 2441 800 2498 18,
829 2445 929 2499 92,
966 2441 1092 2489 Tom.
1118 2441 1152 2498 I,
1178 2461 1221 2506 p.
1247 2443 1355 2490 283.
1391 2441 1539 2489 Krehl.

363 2520 447 2565 »Iu
478 2539 553 2567 eus
580 2522 748 2568 Graeca
774 2533 874 2568 sunt
905 2533 944 2568 ct
970 2539 1022 2567 us
1051 2523 1096 2567 in
1127 2523 1139 2568 i
1167 2524 1379 2570 mutantia
1410 2522 1574 2569 faciunt

269 2600 532 2662 genitivum,
570 2613 615 2649 ut
640 2602 709 2650 hic
733 2602 935 2669 Tydeus,
970 2602 1124 2669 Tydei.
1196 2604 1247 2650 In
1272 2601 1577 2668 hujuscemodi

1673 2553 1675 2588 l

1673 2590 1675 2608 t
