1677 3059
542 216 605 223 —
732 200 783 233 Ιχ
919 216 981 223 -.

112 329 387 397 produceret.
455 330 619 395 quue,
653 327 785 376 modo
808 326 1007 391 dactylos
1039 344 1113 374 eos
1140 345 1229 373 non
1262 346 1415 390 graves

115 418 195 465 sed
235 417 348 465 leves
399 436 494 465 esse
548 415 802 473 admiseris,
869 416 995 462 etiam
1041 414 1180 460 furori
1225 415 1414 479 pectoris

117 522 266 552 amore
324 504 522 571 percussi
579 502 862 569 exprimendo
919 499 1416 549 accommodatissimum

117 603 220 639 erat.
287 591 575 642 Luculentum
603 589 816 636 habemus
850 588 1093 654 exemplum
1128 587 1420 650 fragmentum

116 677 248 736 illud,
286 678 405 744 quod
426 678 569 743 primo
594 675 690 724 loco
715 675 927 741 posuisti,
960 675 1004 721 in
1032 693 1118 739 quo
1144 692 1240 721 cum
1268 692 1418 720 omnes

117 763 278 829 singuli
309 783 459 812 versus
492 762 747 827 logaoedico
774 761 952 819 ordine,
989 772 1126 808 metro
1158 760 1421 818 remissiore,

62 848 68 859 ¹
116 839 401 909 incohentur,
438 849 622 908 deinde,
664 848 789 915 quasi
823 848 1148 911 ingravescente
1181 847 1345 911 impetu
1382 859 1422 894 et

116 936 292 983 incitata
325 947 494 995 mente,
531 935 707 983 duobus
743 935 850 982 locis
882 934 926 980 in
958 933 1158 997 longiora
1183 945 1421 999 systemata

119 1022 334 1088 dactylica
369 1024 636 1071 excurritur:
687 1034 787 1089 post
823 1041 934 1087 quae
971 1021 1187 1069 clausulae
1223 1021 1318 1069 loco
1354 1022 1422 1068 in-

115 1110 256 1156 fertur
289 1110 481 1175 tripodia
514 1109 756 1167 trochaica,
803 1109 924 1174 quod
958 1110 1082 1156 metri
1118 1127 1256 1172 genus
1294 1110 1422 1156 etiam

120 1214 142 1241 a
177 1198 355 1260 tragicis
401 1199 541 1263 poetis
579 1197 635 1244 ad
679 1196 975 1244 terminandas
1024 1196 1258 1262 dactylicas
1303 1197 1423 1244 simi-

120 1283 232 1331 lesve
258 1285 461 1349 strophas
498 1285 751 1350 saepissime
777 1282 1025 1329 adhibetur.
1095 1282 1195 1344 Qua
1232 1282 1425 1330 clausula

120 1381 234 1418 recte
274 1370 380 1417 mihi
410 1371 570 1418 videris
606 1369 831 1436 stropham
866 1369 1142 1425 terminasse,
1179 1388 1278 1416 nam
1303 1370 1424 1434 quod

98 1457 225 1505 finde
260 1458 402 1519 statim
433 1459 525 1505 sine
552 1459 818 1524 spiramento
854 1458 898 1504 in
935 1455 1248 1521 antistropham
1285 1468 1426 1504 trans-

112 1548 236 1610 itur,
297 1564 498 1593 sermone
534 1545 654 1592 nulla
689 1563 827 1610 pausa
860 1544 1130 1608 interrupto,
1178 1543 1305 1591 etiam
1342 1545 1424 1592 hoc

123 1633 178 1680 ad
205 1633 504 1698 intemperiem
541 1632 673 1679 animi
710 1631 945 1679 aestuantis
971 1629 1277 1678 declarandam
1303 1651 1427 1697 egre-

123 1722 193 1784 gie
228 1720 370 1768 sacere
406 1720 588 1767 videtur.

254 1808 302 1854 In
345 1808 423 1865 iis,
480 1824 592 1872 quae
633 1805 766 1852 modo
803 1805 1029 1863 dicebam,
1081 1806 1167 1854 iam
1211 1807 1346 1855 incidi
1383 1808 1429 1854 in

123 1894 388 1941 mentionem
422 1892 652 1941 heroici
688 1892 933 1956 argumenti
970 1893 1233 1951 carminum,
1286 1893 1431 1959 qualia

123 1992 172 2028 tu
211 1980 348 2047 Ibyco
392 1980 680 2038 vindicanda,
741 1991 869 2044 atque
905 1978 960 2025 ab
1005 1980 1223 2027 amatoriis
1259 1980 1430 2027 lusibus

127 2067 417 2115 discernenda
460 2087 579 2133 esse,
629 2067 736 2114 mihi
772 2065 951 2132 quidem
986 2066 1115 2132 plane
1162 2068 1432 2132 persuasisti.

130 2152 418 2219 Quanquam,
454 2167 501 2202 ut
534 2165 664 2221 puto,
710 2165 757 2201 tu
790 2154 886 2219 ipse
915 2153 1028 2199 ultro
1064 2152 1298 2211 fateberis,
1342 2172 1433 2200 non

82 2287 84 2289 ,
132 2240 300 2299 omnia,
355 2244 466 2308 quae
498 2253 760 2308 supersunt,
815 2241 1061 2304 fragmenta
1096 2240 1222 2287 certis
1259 2240 1433 2288 indiciis

130 2327 176 2374 in
217 2327 296 2374 has
342 2328 500 2377 classes
546 2327 688 2392 redigi
732 2346 887 2394 posse,
943 2326 1022 2374 scd
1066 2326 1261 2391 potuisse
1307 2327 1433 2373 etiam

132 2415 352 2461 amatoriis
389 2416 655 2482 carminibus
699 2414 913 2480 quaedam
956 2413 1228 2460 heroicarum
1265 2413 1436 2460 sabula-

132 2520 228 2547 rum
262 2513 517 2564 argumenta
552 2503 606 2549 ab
638 2503 774 2568 Ibyco
809 2500 1067 2556 immisceri,
1104 2498 1219 2545 velut
1246 2498 1354 2546 illud
1381 2500 1435 2547 de

133 2587 333 2635 Menelao
351 2588 541 2635 Helenae
564 2587 773 2653 adspectu
794 2588 840 2634 in
862 2586 1084 2633 mollitiem
1103 2585 1240 2632 fracto
1261 2586 1436 2650 (fragm.
