1677 3059
689 234 756 243 —
873 205 965 252 116
1071 236 1137 244 -

265 348 427 413 quibus
456 343 738 392 immutandis
760 353 989 407 poetarum
1015 343 1212 390 licentiae
1244 345 1423 411 impune
1452 366 1575 411 gras-

265 429 350 476 sari
397 426 567 474 licebat.
657 424 810 487 Neque
856 443 945 488 quo
990 424 1086 471 loeo
1139 434 1314 489 raptum
1356 427 1578 474 induxerit

268 510 452 556 scimus:
489 506 686 552 diversae
723 503 839 549 euim
873 515 1012 551 terrae
1039 504 1093 552 de
1120 504 1205 551 hoe
1236 504 1403 554 honore
1439 520 1575 556 certa-

267 591 396 643 bant,
432 585 548 633 velut
573 583 769 641 Chalcis,
807 585 883 648 qui
917 584 1117 632 homines
1152 585 1200 632 in
1225 604 1393 634 amores
1431 589 1576 646 effusi,

268 692 305 721 v,
343 667 533 718 Meinek.
570 663 766 729 Euphor.
801 684 844 730 p.
883 666 955 711 10.
1025 665 1293 732 Quanquam
1327 667 1449 731 quod
1479 686 1579 714 cum

269 749 462 796 Tithono
499 745 747 810 composuit
782 764 806 792 a
835 746 994 792 Troica
1018 764 1116 794 eum
1142 747 1291 794 fabula
1323 748 1492 794 stetisse
1516 748 1580 794 ef-

269 831 399 877 ficere
420 827 604 874 videtur.
665 827 734 873 De
762 825 953 873 Tithono
984 826 1203 891 eleganter
1228 829 1373 877 Noun.
1392 827 1578 893 Dionys.

269 913 367 967 XV,
403 909 510 957 428.

338 990 544 1039 Τιθωνὸς
567 989 735 1049 §oddag
760 993 864 1034 πέλε
887 995 1099 1053 νυμφίος,
1135 992 1188 1037 ὅν
1212 993 1291 1036 δια
1309 992 1495 1052 μορφὴν

336 1078 498 1132 δίφρον
520 1071 593 1115 ἑόν
618 1070 834 1125 στήσασα
861 1071 1113 1132 φαεςφόρος
1138 1072 1343 1131 ἥρπασεν
1362 1073 1482 1121 ἸΙώς.

274 1154 364 1202 Csr.
400 1152 542 1216 Heyu.
580 1148 788 1213 Apollod.
825 1169 868 1216 p,
904 1153 1045 1207 300„
1097 1150 1288 1199 Nitzseh.
1324 1151 1453 1200 Hom.
1492 1150 1580 1198 Od.

272 1238 327 1291 V,
358 1234 398 1281 1,
470 1228 771 1291 Dignissimus
806 1242 949 1278 autem
976 1243 1040 1277 est
1076 1231 1151 1295 qui
1177 1231 1441 1278 adhibeatur
1462 1229 1585 1278 locus

274 1317 427 1380 hymn.
465 1311 512 1357 iu
545 1312 702 1357 Vener.
735 1314 835 1357 202
857 1297 983 1377 sqq.‚
1042 1312 1120 1358 ubi
1163 1314 1314 1358 Venus
1357 1322 1459 1376 post
1493 1330 1585 1358 am-

274 1398 451 1465 plexum
485 1391 651 1439 solatur
683 1390 909 1438 Anchisen
942 1409 1018 1450 ρο,
1057 1391 1178 1457 quod
1196 1393 1335 1439 Troes
1369 1402 1583 1456 perpetuo

276 1478 439 1526 suerint
472 1478 689 1535 ἀγχίθεοι
720 1474 925 1529 μάλιστα
956 1477 1272 1531 καταθνητῶν
1302 1474 1582 1534 ἀνθρώπων.

277 1557 415 1622 Quod
459 1552 730 1620 Ganymedis
768 1564 896 1615 atque
933 1552 1114 1599 Tithoni
1149 1551 1345 1617 exemplo
1384 1570 1585 1617 compro-

278 1643 376 1696 bat,
411 1649 461 1683 ut
493 1653 582 1682 non
615 1635 763 1698 inepta
799 1632 1049 1696 conjectura
1083 1633 1159 1690 sit,
1201 1635 1238 1680 si
1272 1632 1370 1698 quis
1400 1632 1586 1699 Ibycum

279 1741 327 1769 ex
349 1719 422 1766 illo
443 1717 539 1764 loco
561 1715 641 1761 hos
664 1714 941 1778 potissimum
966 1713 1157 1775 Gorgiae
1177 1713 1463 1779 proposuisse
1484 1731 1586 1761 cen-

278 1812 380 1849 seat,
415 1831 482 1836 —
550 1795 677 1858 Quae
713 1794 768 1840 ab
801 1794 1038 1859 Apollonio
1071 1815 1109 1844 v.
1149 1796 1255 1844 159.
1292 1805 1589 1842 memorantur

280 1885 423 1929 πύλαι
451 1879 703 1933 Οὐλύμπου
741 1880 941 1938 αἰθέριαι
978 1876 1173 1922 diversae
1201 1886 1303 1922 sunt
1338 1875 1392 1922 ab
1427 1876 1589 1923 Home-

280 1965 397 2013 rivis.
464 1958 602 2024 Apud
633 1959 874 2003 Homerum
905 1958 1021 2004 enim
1045 1956 1225 2023 Olympi
1259 1956 1419 2002 montis
1447 1955 1588 2002 Thes-

282 2043 361 2089 sali
396 2042 440 2088 iu
473 2059 560 2106 quo
587 2039 649 2085 dii
685 2036 826 2084 solent
857 2037 1055 2085 habitare
1083 2048 1212 2103 caput
1243 2038 1385 2100 surgit
1419 2038 1464 2084 in
1492 2055 1588 2084 cae-

282 2125 390 2171 lum:
447 2132 598 2186 portae
634 2137 725 2165 uon
762 2116 867 2163 caeli
903 2129 1027 2174 sunt,
1078 2118 1156 2165 sed
1191 2119 1349 2165 montis
1388 2118 1587 2183 Olympi,

282 2225 318 2253 v.
343 2204 388 2252 [l.
417 2205 471 2259 V,
501 2202 618 2259 749;
656 2200 771 2257 VIII,
800 2199 909 2255 393,
935 2199 1070 2256 411„
1098 2198 1325 2249 Yoeleker.
1348 2198 1589 2265 geograph.

413 2359 488 2394 caet
520 2358 610 2392 haec
637 2355 846 2391 memoravit
870 2355 1016 2391 Antiati.
1046 2357 1081 2391 in
1111 2358 1220 2393 Bekk.
1252 2359 1413 2394 Anccdd.
1443 2373 1477 2406 p.
1503 2357 1592 2400 102,

412 2426 497 2465 2‘).,
531 2423 657 2470 quibus
690 2429 913 2456 cunctantem
944 2423 1147 2458 Vulcanum
1179 2433 1211 2459 et
1241 2439 1358 2459 moras
1390 2431 1588 2460 nectentem

411 2497 510 2535 patci-
538 2488 724 2522 hominnm
754 2495 786 2522 et
818 2488 966 2522 ‹tem-um
998 2489 1155 2524 incessit:

545 2557 750 2595 Καῑαχωλέ,
779 2554 944 2592 θᾶσσον,
976 2553 1000 2597 ἦ
1027 2555 1259 2601 κεραυιόπλήξ
1287 2556 1362 2599 ἔσῃ,

408 2617 565 2653 «ικώπτων
587 2616 785 2664 Ἵῖψαιστον
812 2617 830 2653 (ἶ
860 2619 944 2660 Ζεῦς
971 2623 1069 2665 φησί.
