1677 3059
716 235 779 242 -
906 207 968 254 68
1091 236 1155 243 —

289 362 402 398 strae
424 349 589 404 aetatis,
623 345 737 393 velut
762 345 944 393 Salmas.
969 344 1024 392 de
1043 344 1148 408 ling.
1174 344 1395 393 Hellenist.
1420 364 1461 411 p.
1487 346 1594 404 148,

290 433 431 480 donec
462 427 742 476 Valckenaer.
774 426 822 472 in
853 426 1066 473 Adoniaz.
1101 444 1143 490 p.
1173 426 1279 472 254.
1314 427 1597 474 indicativum

292 512 442 560 docuit
476 525 583 556 esse.
663 508 716 552 V.
751 506 944 554 Fischer.
982 506 1039 554 ad
1076 505 1269 553 Weller.
1304 508 1358 564 ΙΙ,
1391 527 1433 573 p.
1470 509 1595 564 347„

291 595 432 659 Heyn.
459 589 505 636 Il.
533 587 557 633 l.
585 607 619 635 c.
687 588 738 633 In
771 605 822 634 eo
856 599 999 635 tamen
1035 586 1172 633 falsus
1208 585 1438 645 Valcken„
1475 587 1598 653 quod

292 675 418 720 Hom.
447 670 494 717 Il.
525 670 625 725 XX,
650 669 724 716 93.
760 668 806 715 in
836 667 1023 716 eundem
1056 685 1236 714 censum
1265 666 1445 732 redegit.
1505 669 1597 715 Lu-

293 752 486 801 culenter
520 750 635 797 enim
671 749 981 797 demonstravit
1014 748 1175 794 Buttm.
1212 748 1290 794 Gr.
1328 747 1455 813 ampl.
1492 748 1526 805 I,
1553 767 1595 813 p.

292 835 411 890 515,
443 831 692 878 Homericos
736 830 855 877 locos
888 828 946 875 ad
979 846 1116 875 unum
1145 846 1295 874 omnes
1322 828 1485 892 injuria
1511 827 1599 876 huc

291 914 427 968 trahi;
465 911 633 974 ubique
668 912 783 958 enim
818 909 1142 974 conjunctivum
1176 909 1355 955 modum
1392 927 1487 956 esse
1522 909 1601 956 ha-

291 993 500 1042 bendum.
560 991 698 1056 Apud
720 991 905 1058 Ibycum
923 1001 1066 1036 autem
1087 990 1348 1038 indicativus
1374 1003 1480 1050 erat,
1510 1010 1601 1039 non

292 1073 543 1138 subscripto
568 1061 628 1136 T,-
664 1089 777 1136 quae
807 1070 1011 1116 formatio
1046 1069 1102 1116 ab
1134 1070 1259 1117 initio
1291 1071 1458 1136 ubique
1487 1073 1604 1120 obti-

291 1157 397 1204 nuit.
469 1152 618 1215 Quam
651 1151 771 1199 unde
801 1151 994 1214 Rhegini
1028 1150 1254 1198 hauserint
1289 1169 1381 1198 non
1415 1165 1480 1201 est
1519 1154 1602 1201 ob-

293 1253 482 1283 scurum.
552 1233 726 1281 Etenim
759 1245 808 1280 ut
832 1232 1114 1295 magistratus
1149 1233 1340 1296 gessisse
1361 1234 1523 1300 Rhegii
1545 1237 1604 1285 ad

291 1315 524 1364 Anaxilam
572 1332 711 1379 usque
756 1314 1005 1379 accepimus
1048 1325 1200 1378 gentes
1237 1313 1509 1375 Messenias‚
1556 1330 1605 1367 ut

292 1397 528 1461 religiones
562 1395 872 1454 instituerunt,
924 1415 1048 1444 sacra
1086 1406 1379 1460 procurarunt
1410 1396 1603 1457 eaedem,

294 1497 331 1525 v.
369 1495 481 1542 quae
512 1475 831 1542 disputavimus
864 1477 912 1523 in
946 1486 1219 1524 commentat.
1249 1474 1304 1523 de
1324 1476 1469 1525 Diana
1488 1479 1604 1526 Pha-

294 1557 469 1607 celitide
501 1568 543 1604 et
577 1556 735 1604 Oreste
769 1556 890 1622 apud
917 1557 1146 1620 Rheginos
1182 1568 1223 1603 et
1254 1556 1451 1615 Siculos,
1489 1559 1607 1609 edita

298 1639 495 1701 Gotting.
535 1637 684 1694 1832,
729 1654 830 1702 pag.
868 1639 938 1696 7.‚
982 1638 1042 1684 ita
1081 1636 1322 1684 eorundem
1354 1638 1400 1684 in
1447 1640 1606 1688 confir-

297 1718 457 1766 manda
495 1717 681 1766 dialecto
724 1716 931 1782 Rhegina
973 1735 1144 1765 summa
1177 1718 1241 1764 vis
1287 1730 1329 1765 et
1372 1721 1606 1769 auctoritas

299 1798 472 1847 videtur
493 1799 643 1847 fuisse.
713 1799 827 1846 Nam
856 1799 894 1845 is
919 1816 993 1846 eos
1014 1798 1180 1864 patriae
1213 1817 1335 1846 amor
1355 1802 1507 1859 tenuit,
1541 1814 1605 1862 ut,

299 1881 400 1929 licet
431 1891 647 1928 trecentos
681 1899 763 1947 per
795 1896 934 1926 annos
967 1879 1110 1944 patria
1142 1890 1334 1928 extorres
1365 1883 1508 1944 vagati
1538 1901 1607 1930 es-

301 1973 420 2020 sent,
454 1973 601 2009 tamen
624 1979 770 2027 neque
791 1979 936 2008 mores
967 1960 1177 2027 pristinos
1207 1960 1295 2008 ulla
1327 1962 1373 2009 in
1394 1982 1442 2011 re
1476 1983 1605 2013 exue·
1655 2014 1657 2020 ,

301 2055 423 2102 rent,
460 2061 602 2109 neque
640 2042 874 2090 dialectum
906 2041 1115 2089 Doricam
1147 2041 1443 2102 dediscerent,
1484 2047 1606 2111 quod
1667 2070 1670 2072 ’

303 2124 433 2172 docet
464 2124 668 2188 egregius
702 2123 775 2172 hic
809 2123 931 2171 locus
963 2123 1093 2170 Paus.
1116 2123 1190 2180 IV,
1214 2126 1292 2180 27,
1319 2126 1360 2171 5.
1429 2130 1605 2186 Μεσσή-

303 2224 389 2254 νιοι
420 2211 469 2253 δὲ
501 2207 628 2255 ἐκτὸς
655 2206 1000 2262 Πελοποννήσου
1030 2205 1275 2264 τριακόσια
1301 2209 1381 2263 ἔτη
1403 2209 1605 2262 μάλιστα

302 2289 511 2350 ἠλῶντο,
563 2290 612 2334 ἐν
644 2283 708 2337 οἷς
735 2285 840 2332 οὔτε
872 2287 998 2331 ἐθῶν
1030 2287 1113 2331 εἰσι,1
1147 2288 1279 2341 δῆλοι
1309 2289 1605 2348 παραλύσαν-

303 2375 372 2419 τές
403 2386 447 2414 τι
479 2369 572 2415 τῶν
603 2370 788 2414 οἴκοθεν
797 2402 815 2431 ‚
860 2365 966 2413 οὔτε
998 2367 1086 2422 τὴν
1119 2368 1357 2414 διάλεκτον
1386 2369 1474 2425 τὴν
1507 2376 1606 2415 Λω-

304 2456 407 2511 ρίδοε
448 2449 874 2511 μετεδιδάχθησαν,
933 2448 1057 2494 ἄλλοι
1096 2451 1177 2494 καί
1216 2452 1257 2498 ἐς
1296 2450 1417 2506 ἡμᾶς
1448 2453 1513 2494 ἔτι
1550 2452 1602 2496 τὸ

302 2536 478 2593 ἀκριβές
512 2532 655 2587 αὐτῆς
687 2536 1064 2586 Πελοποννησιων
1095 2529 1297 2584 μάλιστα
1331 2529 1600 2586 ἐφύλασσον.

300 2610 458 2676 ibycus
503 2622 645 2658 autem
679 2609 779 2656 ideo
823 2627 953 2674 saepe
999 2627 1237 2674 usurpasse
1276 2608 1445 2654 videtur
1490 2607 1602 2657 hanc
