1677 3059
665 182 1106 229 -86-

234 336 448 380 gemmae
475 328 719 368 crescentes
746 320 976 368 umbrosis
995 320 1082 367 sub
1101 322 1389 383 germinibus
1407 336 1544 386 pam-

231 400 385 462 pineis
412 400 660 464 pullulant
672 422 688 456 ,·
731 400 856 447 mihi
885 419 985 448 vero
1021 403 1169 448 Amor
1200 402 1384 448 nullam
1419 405 1547 468 qnie-

239 488 314 525 tus
344 479 524 527 horam.
584 480 679 527 Sed
705 482 824 528 sicut
856 483 976 529 inter
994 481 1217 545 fulmina
1250 482 1549 530 exardescens

242 559 469 608 Thracius
501 564 708 619 Boreas,
758 581 896 610 ruens
936 581 968 609 a
1012 565 1182 608 Venere
1214 564 1343 609 siccis
1358 565 1549 627 furori-

240 640 326 686 bus
359 640 605 699 horridas,
624 642 813 708 fiducia
847 642 1083 691 vehemens
1114 661 1145 689 α
1167 661 1316 707 puero
1351 643 1550 691 custodit

242 729 451 768 nostram
489 733 698 771 mentem.

372 802 664 868 Expositurus
705 817 834 871 poeta
869 823 916 852 se
956 822 1184 870 nunquam
1218 821 1308 850 non
1343 801 1554 850 solicitari

243 880 298 926 ab
334 882 519 941 Amore,
572 897 806 951 praeparat
839 885 953 932 hanc
998 885 1256 932 sententiam
1292 896 1334 931 et
1368 883 1556 932 illustrat

242 981 322 1027 per
345 964 665 1028 oppositionem
680 1002 692 1023 ,
729 966 854 1030 quod
872 978 936 1014 est
958 966 1166 1016 usitatum
1186 965 1425 1012 admodum
1447 983 1554 1030 poe-

242 1044 297 1090 tis
328 1062 466 1106 genus
503 1046 701 1104 dicendi,
738 1045 796 1092 ad
823 1045 909 1092 vim
930 1045 1243 1094 sententiarum
1269 1046 1558 1093 extollendam

244 1125 371 1171 unice
406 1138 716 1191 comparatum.
788 1126 841 1174 Id
871 1138 920 1174 ut
954 1144 1085 1191 saepe
1119 1138 1358 1190 usurpatur
1393 1145 1418 1173 a
1451 1128 1558 1174 Pin-

245 1205 353 1252 daro
383 1206 507 1253 initio
536 1208 813 1273 potissimum
841 1208 1109 1265 carminum,
1146 1227 1181 1253 v.
1217 1207 1391 1254 Dissen.
1425 1207 1494 1255 Ol.
1522 1209 1557 1266 I,

249 1289 286 1333 1.
333 1287 569 1353 multisque
603 1291 653 1338 al.
690 1290 796 1349 loc.‚
845 1291 906 1337 ita
946 1308 1037 1336 non
1067 1306 1168 1334 raro
1206 1287 1364 1335 choros
1402 1289 1560 1352 Tragi-

246 1385 396 1414 corum
429 1369 624 1429 orditur,
660 1383 708 1418 ut
741 1370 899 1419 Aesch.
939 1369 1133 1435 Choeph.
1165 1370 1286 1426 578,
1322 1368 1386 1415 cll.
1422 1369 1558 1435 Soph.

245 1448 394 1512 Antig.
431 1453 537 1497 332.
609 1453 724 1499 Tum
755 1452 951 1499 animum
985 1451 1184 1507 adverte,
1227 1467 1305 1496 cur
1333 1468 1433 1497 vere
1462 1450 1562 1516 pul-

247 1528 431 1577 lulantes
464 1531 658 1579 nominet
685 1532 823 1580 malos
850 1532 1073 1600 Cydonias
1100 1542 1142 1578 et
1161 1530 1282 1577 vites.
1342 1530 1563 1578 Malorum

249 1612 362 1659 enin]
405 1613 612 1677 frequens
647 1633 755 1661 usus
799 1615 912 1662 inter
947 1624 1164 1670 amantes,
1211 1631 1247 1658 v.
1285 1611 1470 1657 Theocr.
1506 1612 1561 1669 II,

252 1695 367 1749 120,
404 1694 490 1750 III,
529 1695 613 1752 10,
658 1696 735 1753 XI,
772 1696 843 1742 10.
904 1695 1077 1741 Coraes.
1116 1693 1172 1740 ad
1205 1691 1377 1739 Heliod.
1410 1694 1482 1739 III.
1518 1713 1560 1758 p.

253 1775 366 1831 1183
413 1774 622 1841 Cydonia«
643 1775 801 1840 puellis
838 1774 957 1821 dono
989 1776 1124 1822 missa
1155 1773 1284 1820 docet
1316 1773 1436 1836 Virg.
1471 1774 1560 1821 Ecl.

248 1855 302 1912 ll,
337 1856 422 1913 51,
457 1855 533 1914 ΙΙΙ,
570 1859 658 1914 70,
703 1857 782 1904 ubi
817 1877 852 1903 v.
891 1859 1049 1914 Voss,
1109 1855 1173 1902 cll.
1210 1853 1446 1916 Boettiger.
1484 1855 1564 1901 Sa-

249 1936 339 1982 bin.
365 1938 419 1996 ΙΙ,
452 1958 494 2004 p.
520 1940 594 1985 76.
664 1938 786 1984 Vites
808 1949 952 1985 autem
973 1938 1167 1984 nominat
1190 1946 1319 2001 poeta
1347 1947 1394 1982 111
1419 1954 1566 1982 amore

250 2017 639 2081 flagrantissimus,
685 2019 768 2075 ita,
816 2019 999 2084 opinor,
1046 2036 1126 2065 nec
1170 2016 1258 2062 vini
1303 2016 1565 2076 abstemius;

250 2117 375 2156 nam,
412 2111 461 2147 ut
492 2110 556 2147 est
589 2099 635 2145 in
665 2099 937 2165 proverbiis,
977 2104 1212 2161 Ἀφροδίτη
1241 2101 1322 2144 καί
1354 2099 1568 2150 Διόνυσος

251 2186 345 2237 μετ’
372 2183 592 2240 οέλλήλων
621 2186 707 2229 εἰσί
713 2218 731 2246 7
767 2179 966 2246 Apostol.
1002 2182 1058 2237 V,
1096 2181 1168 2228 18.
1207 2178 1283 2226 cfr.
1317 2179 1473 2226 Walz.
1509 2178 1567 2226 ad

252 2263 409 2310 Arsen.
445 2261 601 2309 Violet.
639 2281 680 2327 p.
717 2263 791 2310 87.
831 2263 902 2309 10.

383 2346 437 2390 V.'
477 2346 516 2391 1.
561 2336 651 2406 ἦρι.
711 2343 896 2390 Secutus
932 2340 1094 2408 Ibycus
1143 2339 1445 2388 Stesichorum
1487 2349 1565 2396 est,

255 2427 329 2489 qui
353 2425 521 2490 primus
546 2424 627 2472 hac
657 2423 822 2473 flexura
851 2442 957 2470 usus
982 2421 1168 2479 videtur,
1204 2420 1332 2485 frgm.
1358 2420 1566 2476 XXXIX,

253 2506 417 2551 LXXV
450 2505 622 2563 Klein,
668 2525 703 2551 v.
741 2506 901 2552 Buttm.
938 2504 1070 2552 Lexil.
1107 2504 1139 2550 I.
1177 2522 1218 2569 p.
1259 2504 1362 2550 121.
1399 2512 1486 2549 1101.
1524 2502 1566 2546 5.

254 2588 362 2633 Nam
387 2587 507 2651 quod
527 2590 654 2635 Voss.
682 2586 739 2634 ad
762 2586 909 2653 hymn.
936 2585 1029 2633 Cer.
1055 2604 1096 2650 p.
1124 2585 1227 2632 134
1261 2584 1570 2631 Mimnermum
