<?xml version="1.0" encoding="UTF-8"?>
<!DOCTYPE html PUBLIC "-//W3C//DTD XHTML 1.0 Transitional//EN"
    "http://www.w3.org/TR/xhtml1/DTD/xhtml1-transitional.dtd">
<html xmlns="http://www.w3.org/1999/xhtml" xml:lang="en" lang="en">
 <head>
  <title>
</title>
<meta http-equiv="Content-Type" content="text/html;charset=utf-8" />
  <meta name='ocr-system' content='tesseract 3.04.00' />
  <meta name='ocr-capabilities' content='ocr_page ocr_carea ocr_par ocr_line ocrx_word'/>
</head>
<body>
  <div class='ocr_page' id='page_1' title='image "./ibycirheginicarm00schnuoft_0172.png"; bbox 0 0 1677 3059; ppageno 0'>
   <div class='ocr_carea' id='block_1_1' title="bbox 676 195 1112 243">
    <p class='ocr_par' dir='ltr' id='par_1_1' title="bbox 676 195 1112 243">
     <span class='ocr_line' id='line_1_1' title="bbox 676 195 1112 243; baseline -0.016 -7"><span class='ocrx_word' id='word_1_1' title='bbox 676 227 742 236; x_wconf 87' lang='lat'>.-.</span> <span class='ocrx_word' id='word_1_2' title='bbox 849 195 943 243; x_wconf 75' lang='lat'>142</span> <span class='ocrx_word' id='word_1_3' title='bbox 1046 221 1112 229; x_wconf 83' lang='lat'>—</span> 
     </span>
    </p>
   </div>
   <div class='ocr_carea' id='block_1_2' title="bbox 232 334 1550 1694">
    <p class='ocr_par' dir='ltr' id='par_1_2' title="bbox 232 334 1550 1694">
     <span class='ocr_line' id='line_1_2' title="bbox 241 334 1550 406; baseline -0.005 -15"><span class='ocrx_word' id='word_1_4' title='bbox 241 363 335 392; x_wconf 68' lang='lat' dir='ltr'>sees.</span> <span class='ocrx_word' id='word_1_5' title='bbox 351 345 420 406; x_wconf 85' lang='lat'>37)</span> <span class='ocrx_word' id='word_1_6' title='bbox 505 341 618 388; x_wconf 86' lang='lat' dir='ltr'>Nam</span> <span class='ocrx_word' id='word_1_7' title='bbox 660 348 770 386; x_wconf 88' lang='lat' dir='ltr'>teste</span> <span class='ocrx_word' id='word_1_8' title='bbox 813 335 1033 383; x_wconf 83' lang='lat' dir='ltr'><strong>Plutarch.</strong></span> <span class='ocrx_word' id='word_1_9' title='bbox 1079 334 1270 381; x_wconf 83' lang='lat' dir='ltr'><strong>Marcell.</strong></span> <span class='ocrx_word' id='word_1_10' title='bbox 1311 338 1388 383; x_wconf 80' lang='lat'>20.</span> <span class='ocrx_word' id='word_1_11' title='bbox 1423 337 1550 388; x_wconf 76' lang='grc' dir='ltr'><strong><em>πόλις</em></strong></span> 
     </span>
     <span class='ocr_line' id='line_1_3' title="bbox 240 417 1550 481; baseline -0.009 -10"><span class='ocrx_word' id='word_1_12' title='bbox 240 428 337 473; x_wconf 75' lang='grc' dir='ltr'><em>ἐστι’</em></span> <span class='ocrx_word' id='word_1_13' title='bbox 367 424 449 481; x_wconf 78' lang='grc' dir='ltr'>τῆς</span> <span class='ocrx_word' id='word_1_14' title='bbox 480 426 682 472; x_wconf 78' lang='grc' dir='ltr'><strong><em>Σικελίας</em></strong></span> <span class='ocrx_word' id='word_1_15' title='bbox 714 419 922 480; x_wconf 78' lang='grc' dir='ltr'><em>Ἐγγύϊον</em></span> <span class='ocrx_word' id='word_1_16' title='bbox 953 419 1008 464; x_wconf 83' lang='grc' dir='ltr'>οὐ</span> <span class='ocrx_word' id='word_1_17' title='bbox 1042 417 1253 480; x_wconf 76' lang='grc' dir='ltr'><em>μεγάλη,</em></span> <span class='ocrx_word' id='word_1_18' title='bbox 1293 420 1468 480; x_wconf 72' lang='grc' dir='ltr'><em>ἀρχαία</em></span> <span class='ocrx_word' id='word_1_19' title='bbox 1501 424 1550 466; x_wconf 66' lang='grc' dir='ltr'>δέ</span> 
     </span>
     <span class='ocr_line' id='line_1_4' title="bbox 241 500 1549 563; baseline -0.005 -10"><span class='ocrx_word' id='word_1_20' title='bbox 241 507 365 553; x_wconf 77' lang='grc' dir='ltr'><em>πάνυ</em></span> <span class='ocrx_word' id='word_1_21' title='bbox 397 505 479 552; x_wconf 81' lang='grc' dir='ltr'><em>καί</em></span> <span class='ocrx_word' id='word_1_22' title='bbox 504 502 584 550; x_wconf 76' lang='grc' dir='ltr'>διὰ</span> <span class='ocrx_word' id='word_1_23' title='bbox 605 503 729 548; x_wconf 80' lang='grc' dir='ltr'><em>θεῶν</em></span> <span class='ocrx_word' id='word_1_24' title='bbox 749 500 1016 560; x_wconf 76' lang='grc' dir='ltr'><em>ἐπιφάνειαν</em></span> <span class='ocrx_word' id='word_1_25' title='bbox 1036 501 1214 549; x_wconf 74' lang='grc' dir='ltr'><em>ἔνδοξος</em></span> <span class='ocrx_word' id='word_1_26' title='bbox 1223 533 1242 563; x_wconf 66' lang='grc'>,</span> <span class='ocrx_word' id='word_1_27' title='bbox 1278 500 1331 550; x_wconf 75' lang='grc' dir='ltr'>ἂς</span> <span class='ocrx_word' id='word_1_28' title='bbox 1357 503 1549 548; x_wconf 79' lang='grc' dir='ltr'><strong><em>καλοῦσι</em></strong></span> 
     </span>
     <span class='ocr_line' id='line_1_5' title="bbox 232 581 1547 648; baseline -0.005 -14"><span class='ocrx_word' id='word_1_29' title='bbox 232 591 472 648; x_wconf 30' lang='lat' dir='ltr'>*Marsyam</span> <span class='ocrx_word' id='word_1_30' title='bbox 516 584 685 644; x_wconf 73' lang='grc' dir='ltr'><em>ἵδρυμα</em></span> <span class='ocrx_word' id='word_1_31' title='bbox 716 585 894 642; x_wconf 78' lang='grc' dir='ltr'><em>λέγεται</em></span> <span class='ocrx_word' id='word_1_32' title='bbox 925 581 1125 641; x_wconf 76' lang='grc' dir='ltr'><em>Κρητῶν</em></span> <span class='ocrx_word' id='word_1_33' title='bbox 1154 585 1370 641; x_wconf 73' lang='grc' dir='ltr'><em>γενέσθαι</em></span> <span class='ocrx_word' id='word_1_34' title='bbox 1401 583 1456 629; x_wconf 86' lang='grc' dir='ltr'>τὸ</span> <span class='ocrx_word' id='word_1_35' title='bbox 1489 586 1547 628; x_wconf 74' lang='grc' dir='ltr'>ιἐ-</span> 
     </span>
     <span class='ocr_line' id='line_1_6' title="bbox 241 663 1549 730; baseline -0.006 -15"><span class='ocrx_word' id='word_1_36' title='bbox 241 670 342 730; x_wconf 75' lang='grc' dir='ltr'>ρόν.</span> <span class='ocrx_word' id='word_1_37' title='bbox 378 669 460 714; x_wconf 79' lang='grc' dir='ltr'>καί</span> <span class='ocrx_word' id='word_1_38' title='bbox 490 663 660 725; x_wconf 78' lang='grc' dir='ltr'><strong><em>λόγχάς</em></strong></span> <span class='ocrx_word' id='word_1_39' title='bbox 691 680 817 714; x_wconf 75' lang='grc' dir='ltr'><em>τινας</em></span> <span class='ocrx_word' id='word_1_40' title='bbox 835 666 1097 710; x_wconf 75' lang='grc' dir='ltr'><em>ἐδείκνυσαν</em></span> <span class='ocrx_word' id='word_1_41' title='bbox 1121 665 1204 709; x_wconf 80' lang='grc' dir='ltr'>καί</span> <span class='ocrx_word' id='word_1_42' title='bbox 1226 663 1371 724; x_wconf 74' lang='grc' dir='ltr'><strong><em>κράνη</em></strong></span> <span class='ocrx_word' id='word_1_43' title='bbox 1392 665 1549 716; x_wconf 61' lang='grc' dir='ltr'><strong><em>χαλκός</em></strong></span> 
     </span>
     <span class='ocr_line' id='line_1_7' title="bbox 240 744 1547 809; baseline -0.005 -12"><span class='ocrx_word' id='word_1_44' title='bbox 240 752 303 798; x_wconf 71' lang='grc' dir='ltr'>τοὶ</span> <span class='ocrx_word' id='word_1_45' title='bbox 334 755 417 808; x_wconf 81' lang='grc' dir='ltr'>μὲν</span> <span class='ocrx_word' id='word_1_46' title='bbox 448 751 616 802; x_wconf 73' lang='grc' dir='ltr'><em>ἔχοντα</em></span> <span class='ocrx_word' id='word_1_47' title='bbox 650 745 901 809; x_wconf 70' lang='grc' dir='ltr'><strong><em>Μηριόνου,</em></strong></span> <span class='ocrx_word' id='word_1_48' title='bbox 935 744 1019 794; x_wconf 73' lang='grc' dir='ltr'>τὰς</span> <span class='ocrx_word' id='word_1_49' title='bbox 1050 746 1101 790; x_wconf 77' lang='grc' dir='ltr'>δὲ</span> <span class='ocrx_word' id='word_1_50' title='bbox 1139 745 1390 794; x_wconf 74' lang='grc' dir='ltr'><em>Οὐλίξου</em></span> <span class='ocrx_word' id='word_1_51' title='bbox 1423 760 1547 790; x_wconf 85' lang='grc' dir='ltr'><em>του-</em></span> 
     </span>
     <span class='ocr_line' id='line_1_8' title="bbox 239 825 1547 888; baseline -0.003 -9"><span class='ocrx_word' id='word_1_52' title='bbox 239 838 436 881; x_wconf 83' lang='grc' dir='ltr'><em>τέστιν</em></span> <span class='ocrx_word' id='word_1_53' title='bbox 460 828 499 881; x_wconf 87' lang='lat' dir='ltr'>&#39;O</span> <span class='ocrx_word' id='word_1_54' title='bbox 512 833 579 877; x_wconf 85' lang='grc' dir='ltr'>δυ</span> <span class='ocrx_word' id='word_1_55' title='bbox 591 830 766 876; x_wconf 79' lang='grc' dir='ltr'><em>σσέως</em></span> <span class='ocrx_word' id='word_1_56' title='bbox 784 825 1044 888; x_wconf 75' lang='grc' dir='ltr'><em>ἐπιγραφὰς</em></span> <span class='ocrx_word' id='word_1_57' title='bbox 1064 826 1431 874; x_wconf 70' lang='grc' dir='ltr'><em>ἀνατεθεικότων</em></span> <span class='ocrx_word' id='word_1_58' title='bbox 1448 833 1547 875; x_wconf 79' lang='grc' dir='ltr'><em>ταῖς</em></span> 
     </span>
     <span class='ocr_line' id='line_1_9' title="bbox 237 905 1545 971; baseline -0.008 -8"><span class='ocrx_word' id='word_1_59' title='bbox 237 921 379 964; x_wconf 82' lang='grc' dir='ltr'><em>θεαῖς.</em></span> <span class='ocrx_word' id='word_1_60' title='bbox 444 911 586 958; x_wconf 88' lang='lat' dir='ltr'>Nemo</span> <span class='ocrx_word' id='word_1_61' title='bbox 621 918 766 955; x_wconf 87' lang='lat' dir='ltr'>autem</span> <span class='ocrx_word' id='word_1_62' title='bbox 796 917 957 953; x_wconf 89' lang='lat' dir='ltr'>temere</span> <span class='ocrx_word' id='word_1_63' title='bbox 989 916 1078 952; x_wconf 90' lang='lat' dir='ltr'>tam</span> <span class='ocrx_word' id='word_1_64' title='bbox 1112 905 1355 971; x_wconf 90' lang='lat' dir='ltr'>reperietur</span> <span class='ocrx_word' id='word_1_65' title='bbox 1389 906 1545 954; x_wconf 90' lang='lat' dir='ltr'>credu-</span> 
     </span>
     <span class='ocr_line' id='line_1_10' title="bbox 239 985 1543 1059; baseline -0.008 -14"><span class='ocrx_word' id='word_1_66' title='bbox 239 997 308 1045; x_wconf 93' lang='lat' dir='ltr'>lus</span> <span class='ocrx_word' id='word_1_67' title='bbox 345 993 421 1059; x_wconf 86' lang='lat' dir='ltr'>qui</span> <span class='ocrx_word' id='word_1_68' title='bbox 449 989 608 1039; x_wconf 88' lang='lat' dir='ltr'>heroes</span> <span class='ocrx_word' id='word_1_69' title='bbox 639 988 737 1035; x_wconf 90' lang='lat' dir='ltr'>illos</span> <span class='ocrx_word' id='word_1_70' title='bbox 770 987 950 1033; x_wconf 86' lang='lat' dir='ltr'>nomina</span> <span class='ocrx_word' id='word_1_71' title='bbox 972 985 1100 1033; x_wconf 88' lang='lat' dir='ltr'>donis</span> <span class='ocrx_word' id='word_1_72' title='bbox 1122 985 1401 1050; x_wconf 86' lang='lat' dir='ltr'>inscripsisse</span> <span class='ocrx_word' id='word_1_73' title='bbox 1421 987 1543 1052; x_wconf 90' lang='lat' dir='ltr'>ipsos</span> 
     </span>
     <span class='ocr_line' id='line_1_11' title="bbox 239 1065 1544 1136; baseline -0.009 -10"><span class='ocrx_word' id='word_1_74' title='bbox 239 1085 436 1126; x_wconf 86' lang='lat' dir='ltr'>censeat:</span> <span class='ocrx_word' id='word_1_75' title='bbox 472 1070 794 1136; x_wconf 86' lang='lat' dir='ltr'>inscripserunt</span> <span class='ocrx_word' id='word_1_76' title='bbox 814 1065 1014 1114; x_wconf 88' lang='lat' dir='ltr'>homines</span> <span class='ocrx_word' id='word_1_77' title='bbox 1034 1065 1172 1114; x_wconf 89' lang='lat' dir='ltr'>Siculi</span> <span class='ocrx_word' id='word_1_78' title='bbox 1193 1065 1330 1113; x_wconf 88' lang='lat' dir='ltr'>multa</span> <span class='ocrx_word' id='word_1_79' title='bbox 1353 1066 1407 1114; x_wconf 89' lang='lat' dir='ltr'>de</span> <span class='ocrx_word' id='word_1_80' title='bbox 1432 1068 1544 1115; x_wconf 93' lang='lat' dir='ltr'>Tro-</span> 
     </span>
     <span class='ocr_line' id='line_1_12' title="bbox 239 1146 1544 1225; baseline -0.007 -21"><span class='ocrx_word' id='word_1_81' title='bbox 239 1160 442 1225; x_wconf 82' lang='lat' dir='ltr'>janorum</span> <span class='ocrx_word' id='word_1_82' title='bbox 474 1151 662 1199; x_wconf 89' lang='lat' dir='ltr'>heroum</span> <span class='ocrx_word' id='word_1_83' title='bbox 691 1151 738 1198; x_wconf 90' lang='lat' dir='ltr'>in</span> <span class='ocrx_word' id='word_1_84' title='bbox 766 1148 862 1196; x_wconf 88' lang='lat' dir='ltr'>illas</span> <span class='ocrx_word' id='word_1_85' title='bbox 885 1147 1088 1211; x_wconf 83' lang='lat' dir='ltr'>regiones</span> <span class='ocrx_word' id='word_1_86' title='bbox 1112 1146 1300 1194; x_wconf 85' lang='lat' dir='ltr'>adventu</span> <span class='ocrx_word' id='word_1_87' title='bbox 1322 1148 1544 1214; x_wconf 88' lang='lat' dir='ltr'>rebusque</span> 
     </span>
     <span class='ocr_line' id='line_1_13' title="bbox 237 1228 1544 1301; baseline -0.008 -14"><span class='ocrx_word' id='word_1_88' title='bbox 237 1239 300 1287; x_wconf 91' lang='lat' dir='ltr'>ibi</span> <span class='ocrx_word' id='word_1_89' title='bbox 333 1235 466 1301; x_wconf 84' lang='lat' dir='ltr'>gestis</span> <span class='ocrx_word' id='word_1_90' title='bbox 509 1231 730 1281; x_wconf 88' lang='lat' dir='ltr'>communi</span> <span class='ocrx_word' id='word_1_91' title='bbox 763 1229 1051 1296; x_wconf 86' lang='lat' dir='ltr'>persuasione</span> <span class='ocrx_word' id='word_1_92' title='bbox 1086 1228 1314 1276; x_wconf 83' lang='lat' dir='ltr'>ambitiose</span> <span class='ocrx_word' id='word_1_93' title='bbox 1348 1228 1544 1276; x_wconf 87' lang='lat' dir='ltr'>fabulati.</span> 
     </span>
     <span class='ocr_line' id='line_1_14' title="bbox 236 1310 1543 1369; baseline -0.009 -1"><span class='ocrx_word' id='word_1_94' title='bbox 236 1319 368 1368; x_wconf 88' lang='lat' dir='ltr'>Unde</span> <span class='ocrx_word' id='word_1_95' title='bbox 404 1314 722 1364; x_wconf 86' lang='lat' dir='ltr'>consectarium</span> <span class='ocrx_word' id='word_1_96' title='bbox 757 1322 844 1369; x_wconf 81' lang='lat' dir='ltr'>est,</span> <span class='ocrx_word' id='word_1_97' title='bbox 879 1322 928 1358; x_wconf 89' lang='lat' dir='ltr'>ut</span> <span class='ocrx_word' id='word_1_98' title='bbox 958 1311 1009 1358; x_wconf 87' lang='lat' dir='ltr'>id</span> <span class='ocrx_word' id='word_1_99' title='bbox 1035 1310 1202 1357; x_wconf 89' lang='lat' dir='ltr'>formae</span> <span class='ocrx_word' id='word_1_100' title='bbox 1226 1310 1272 1356; x_wconf 88' lang='lat' dir='ltr'>in</span> <span class='ocrx_word' id='word_1_101' title='bbox 1297 1328 1543 1357; x_wconf 87' lang='lat' dir='ltr'>sermonem</span> 
     </span>
     <span class='ocr_line' id='line_1_15' title="bbox 236 1391 1545 1458; baseline -0.008 -10"><span class='ocrx_word' id='word_1_102' title='bbox 236 1397 522 1448; x_wconf 88' lang='lat' dir='ltr'>Doriensium</span> <span class='ocrx_word' id='word_1_103' title='bbox 556 1392 806 1442; x_wconf 89' lang='lat' dir='ltr'>Siculorum</span> <span class='ocrx_word' id='word_1_104' title='bbox 829 1392 1007 1439; x_wconf 89' lang='lat' dir='ltr'>omnino</span> <span class='ocrx_word' id='word_1_105' title='bbox 1029 1402 1253 1458; x_wconf 85' lang='lat' dir='ltr'>receptum</span> <span class='ocrx_word' id='word_1_106' title='bbox 1281 1391 1545 1439; x_wconf 84' lang='lat' dir='ltr'>arbitremur</span> 
     </span>
     <span class='ocr_line' id='line_1_16' title="bbox 239 1471 1542 1527; baseline -0.007 0"><span class='ocrx_word' id='word_1_107' title='bbox 239 1481 387 1527; x_wconf 78' lang='lat' dir='ltr'>fuisse.</span> <span class='ocrx_word' id='word_1_108' title='bbox 443 1475 658 1525; x_wconf 89' lang='lat' dir='ltr'>Universe</span> <span class='ocrx_word' id='word_1_109' title='bbox 680 1473 975 1521; x_wconf 87' lang='lat' dir='ltr'>Doriensibus</span> <span class='ocrx_word' id='word_1_110' title='bbox 1001 1471 1184 1520; x_wconf 88' lang='lat' dir='ltr'>eandem</span> <span class='ocrx_word' id='word_1_111' title='bbox 1210 1472 1430 1520; x_wconf 85' lang='lat' dir='ltr'>ascribere</span> <span class='ocrx_word' id='word_1_112' title='bbox 1452 1472 1542 1519; x_wconf 86' lang='lat' dir='ltr'>for-</span> 
     </span>
     <span class='ocr_line' id='line_1_17' title="bbox 238 1547 1543 1613; baseline -0.008 -4"><span class='ocrx_word' id='word_1_113' title='bbox 238 1580 354 1609; x_wconf 90' lang='lat' dir='ltr'>mam</span> <span class='ocrx_word' id='word_1_114' title='bbox 387 1557 562 1605; x_wconf 89' lang='lat' dir='ltr'>videtur</span> <span class='ocrx_word' id='word_1_115' title='bbox 593 1555 808 1603; x_wconf 87' lang='lat' dir='ltr'>Priscian.</span> <span class='ocrx_word' id='word_1_116' title='bbox 832 1556 910 1613; x_wconf 85' lang='lat' dir='ltr'>VI,</span> <span class='ocrx_word' id='word_1_117' title='bbox 934 1556 1009 1613; x_wconf 84' lang='grc'>18,</span> <span class='ocrx_word' id='word_1_118' title='bbox 1035 1557 1109 1602; x_wconf 83' lang='grc'>92.</span> <span class='ocrx_word' id='word_1_119' title='bbox 1164 1555 1248 1600; x_wconf 84' lang='lat' dir='ltr'>»In</span> <span class='ocrx_word' id='word_1_120' title='bbox 1271 1547 1358 1602; x_wconf 49' lang='lat' dir='ltr'>eff</span> <span class='ocrx_word' id='word_1_121' title='bbox 1375 1553 1543 1601; x_wconf 84' lang='lat' dir='ltr'>Graeca</span> 
     </span>
     <span class='ocr_line' id='line_1_18' title="bbox 240 1628 1545 1694; baseline -0.006 -4"><span class='ocrx_word' id='word_1_122' title='bbox 240 1653 342 1690; x_wconf 85' lang='lat' dir='ltr'>sunt</span> <span class='ocrx_word' id='word_1_123' title='bbox 376 1652 417 1688; x_wconf 91' lang='lat' dir='ltr'>et</span> <span class='ocrx_word' id='word_1_124' title='bbox 445 1628 636 1687; x_wconf 50' lang='lat' dir='ltr'>u—s-in-i‘</span> <span class='ocrx_word' id='word_1_125' title='bbox 659 1637 869 1684; x_wconf 83' lang='lat' dir='ltr'>mutantia</span> <span class='ocrx_word' id='word_1_126' title='bbox 898 1635 1066 1683; x_wconf 87' lang='lat' dir='ltr'>faciunt</span> <span class='ocrx_word' id='word_1_127' title='bbox 1100 1634 1373 1694; x_wconf 79' lang='lat' dir='ltr'>Genitivum‚</span> <span class='ocrx_word' id='word_1_128' title='bbox 1408 1646 1456 1681; x_wconf 94' lang='lat' dir='ltr'>ut</span> <span class='ocrx_word' id='word_1_129' title='bbox 1475 1634 1545 1682; x_wconf 87' lang='lat' dir='ltr'>hic</span> 
     </span>
    </p>
   </div>
   <div class='ocr_carea' id='block_1_3' title="bbox 240 1761 509 1771">
    <p class='ocr_par' dir='ltr' id='par_1_3' title="bbox 240 1761 509 1771">
     <span class='ocr_line' id='line_1_19' title="bbox 240 1761 509 1771; baseline 0 1288"><span class='ocrx_word' id='word_1_130' title='bbox 240 1761 509 1771; x_wconf 95' lang='lat' dir='ltr'> </span> 
     </span>
    </p>
   </div>
   <div class='ocr_carea' id='block_1_4' title="bbox 296 1820 1547 2589">
    <p class='ocr_par' dir='ltr' id='par_1_4' title="bbox 296 1820 1547 2589">
     <span class='ocr_line' id='line_1_20' title="bbox 296 1820 1547 1871; baseline -0.001 -15"><span class='ocrx_word' id='word_1_131' title='bbox 296 1825 365 1871; x_wconf 85' lang='grc'>37)</span> <span class='ocrx_word' id='word_1_132' title='bbox 407 1822 517 1868; x_wconf 89' lang='lat' dir='ltr'>Quod</span> <span class='ocrx_word' id='word_1_133' title='bbox 545 1821 630 1856; x_wconf 90' lang='lat' dir='ltr'>olim</span> <span class='ocrx_word' id='word_1_134' title='bbox 658 1820 819 1868; x_wconf 85' lang='lat' dir='ltr'>plerique</span> <span class='ocrx_word' id='word_1_135' title='bbox 845 1820 1049 1855; x_wconf 81' lang='lat' dir='ltr'>scribebant</span> <span class='ocrx_word' id='word_1_136' title='bbox 1081 1820 1231 1866; x_wconf 54' lang='lat' dir='ltr'>Ulysses</span> <span class='ocrx_word' id='word_1_137' title='bbox 1257 1833 1331 1855; x_wconf 89' lang='lat' dir='ltr'>nou</span> <span class='ocrx_word' id='word_1_138' title='bbox 1361 1820 1459 1855; x_wconf 84' lang='lat' dir='ltr'>deest</span> <span class='ocrx_word' id='word_1_139' title='bbox 1488 1833 1547 1855; x_wconf 83' lang='lat' dir='ltr'>ra-</span> 
     </span>
     <span class='ocr_line' id='line_1_21' title="bbox 371 1885 1546 1935; baseline -0.003 -12"><span class='ocrx_word' id='word_1_140' title='bbox 371 1889 421 1924; x_wconf 79' lang='lat' dir='ltr'>tio</span> <span class='ocrx_word' id='word_1_141' title='bbox 443 1901 512 1935; x_wconf 87' lang='lat' dir='ltr'>qua</span> <span class='ocrx_word' id='word_1_142' title='bbox 540 1894 686 1930; x_wconf 84' lang='lat' dir='ltr'>tueare,</span> <span class='ocrx_word' id='word_1_143' title='bbox 715 1887 744 1920; x_wconf 91' lang='lat' dir='ltr'>si</span> <span class='ocrx_word' id='word_1_144' title='bbox 770 1885 1003 1921; x_wconf 77' lang='lat' dir='ltr'>AeolenSIum</span> <span class='ocrx_word' id='word_1_145' title='bbox 1024 1885 1179 1920; x_wconf 81' lang='lat' dir='ltr'>sormam</span> <span class='ocrx_word' id='word_1_146' title='bbox 1207 1898 1320 1933; x_wconf 87' lang='lat' dir='ltr'>ponas</span> <span class='ocrx_word' id='word_1_147' title='bbox 1347 1886 1416 1920; x_wconf 89' lang='lat' dir='ltr'>sibi</span> <span class='ocrx_word' id='word_1_148' title='bbox 1444 1899 1546 1920; x_wconf 82' lang='lat' dir='ltr'>arro-</span> 
     </span>
     <span class='ocr_line' id='line_1_22' title="bbox 373 1943 1545 2006; baseline 0 -15"><span class='ocrx_word' id='word_1_149' title='bbox 373 1970 473 2006; x_wconf 85' lang='lat' dir='ltr'>gasse</span> <span class='ocrx_word' id='word_1_150' title='bbox 498 1956 644 1991; x_wconf 86' lang='lat' dir='ltr'>Latinos</span> <span class='ocrx_word' id='word_1_151' title='bbox 666 1943 691 1992; x_wconf 62' lang='grc'><strong><em>5</em></strong></span> <span class='ocrx_word' id='word_1_152' title='bbox 713 1963 848 1990; x_wconf 79' lang='lat' dir='ltr'>mutata</span> <span class='ocrx_word' id='word_1_153' title='bbox 876 1953 1016 1989; x_wconf 74' lang='lat' dir='ltr'>literula</span> <span class='ocrx_word' id='word_1_154' title='bbox 1040 1953 1077 1989; x_wconf 90' lang='lat' dir='ltr'>in</span> <span class='ocrx_word' id='word_1_155' title='bbox 1092 1944 1124 1990; x_wconf 58' lang='lat' dir='ltr'>-l.</span> <span class='ocrx_word' id='word_1_156' title='bbox 1180 1953 1264 1996; x_wconf 84' lang='lat' dir='ltr'><strong>Alii,</strong></span> <span class='ocrx_word' id='word_1_157' title='bbox 1290 1961 1329 1988; x_wconf 78' lang='lat' dir='ltr'>ut</span> <span class='ocrx_word' id='word_1_158' title='bbox 1347 1956 1545 1990; x_wconf 84' lang='lat' dir='ltr'>Burmann.</span> 
     </span>
     <span class='ocr_line' id='line_1_23' title="bbox 373 2019 1546 2068; baseline 0.001 -13"><span class='ocrx_word' id='word_1_159' title='bbox 373 2022 481 2056; x_wconf 76' lang='lat' dir='ltr'>Anth.</span> <span class='ocrx_word' id='word_1_160' title='bbox 511 2022 586 2055; x_wconf 78' lang='lat' dir='ltr'>Lat.</span> <span class='ocrx_word' id='word_1_161' title='bbox 614 2021 640 2064; x_wconf 88' lang='lat' dir='ltr'>l,</span> <span class='ocrx_word' id='word_1_162' title='bbox 671 2035 705 2068; x_wconf 89' lang='lat' dir='ltr'>p.</span> <span class='ocrx_word' id='word_1_163' title='bbox 735 2021 823 2056; x_wconf 80' lang='lat'>108.</span> <span class='ocrx_word' id='word_1_164' title='bbox 857 2022 996 2065; x_wconf 57' lang='lat' dir='ltr'>Ulyxes</span> <span class='ocrx_word' id='word_1_165' title='bbox 1022 2021 1203 2062; x_wconf 81' lang='lat' dir='ltr'>scribunt,</span> <span class='ocrx_word' id='word_1_166' title='bbox 1235 2019 1332 2065; x_wconf 87' lang='lat' dir='ltr'>quod</span> <span class='ocrx_word' id='word_1_167' title='bbox 1363 2020 1461 2054; x_wconf 89' lang='lat' dir='ltr'>nihili</span> <span class='ocrx_word' id='word_1_168' title='bbox 1484 2028 1546 2056; x_wconf 74' lang='lat' dir='ltr'>cst.</span> 
     </span>
     <span class='ocr_line' id='line_1_24' title="bbox 373 2083 1547 2133; baseline 0 -12"><span class='ocrx_word' id='word_1_169' title='bbox 373 2088 538 2128; x_wconf 82' lang='lat' dir='ltr'>Primus,</span> <span class='ocrx_word' id='word_1_170' title='bbox 568 2093 739 2133; x_wconf 85' lang='lat' dir='ltr'>quantum</span> <span class='ocrx_word' id='word_1_171' title='bbox 767 2085 853 2119; x_wconf 86' lang='lat' dir='ltr'>mihi</span> <span class='ocrx_word' id='word_1_172' title='bbox 886 2092 1042 2129; x_wconf 84' lang='lat' dir='ltr'>constat,</span> <span class='ocrx_word' id='word_1_173' title='bbox 1072 2085 1242 2119; x_wconf 83' lang='lat' dir='ltr'>Ciosanus</span> <span class='ocrx_word' id='word_1_174' title='bbox 1269 2084 1307 2118; x_wconf 85' lang='lat' dir='ltr'>in</span> <span class='ocrx_word' id='word_1_175' title='bbox 1337 2083 1443 2120; x_wconf 89' lang='lat' dir='ltr'>Ovid.</span> <span class='ocrx_word' id='word_1_176' title='bbox 1472 2086 1547 2121; x_wconf 87' lang='lat' dir='ltr'>He-</span> 
     </span>
     <span class='ocr_line' id='line_1_25' title="bbox 373 2150 1547 2196; baseline 0 -10"><span class='ocrx_word' id='word_1_177' title='bbox 373 2152 491 2187; x_wconf 88' lang='lat' dir='ltr'>roidd.</span> <span class='ocrx_word' id='word_1_178' title='bbox 517 2151 554 2196; x_wconf 86' lang='lat' dir='ltr'>I,</span> <span class='ocrx_word' id='word_1_179' title='bbox 585 2151 620 2187; x_wconf 84' lang='lat'>1.</span> <span class='ocrx_word' id='word_1_180' title='bbox 650 2150 912 2186; x_wconf 80' lang='lat' dir='ltr'>commendavit</span> <span class='ocrx_word' id='word_1_181' title='bbox 941 2151 1094 2183; x_wconf 84' lang='lat' dir='ltr'>sormam</span> <span class='ocrx_word' id='word_1_182' title='bbox 1129 2150 1257 2184; x_wconf 72' lang='lat' dir='ltr'>Ulixes</span> <span class='ocrx_word' id='word_1_183' title='bbox 1298 2150 1341 2184; x_wconf 87' lang='lat' dir='ltr'>ab</span> <span class='ocrx_word' id='word_1_184' title='bbox 1382 2151 1547 2186; x_wconf 76' lang='lat' dir='ltr'>omnibus</span> 
     </span>
     <span class='ocr_line' id='line_1_26' title="bbox 375 2215 1546 2261; baseline -0.002 -9"><span class='ocrx_word' id='word_1_185' title='bbox 375 2217 481 2253; x_wconf 88' lang='lat' dir='ltr'>codd.</span> <span class='ocrx_word' id='word_1_186' title='bbox 507 2230 549 2252; x_wconf 85' lang='lat' dir='ltr'>eo</span> <span class='ocrx_word' id='word_1_187' title='bbox 576 2216 658 2252; x_wconf 87' lang='lat' dir='ltr'>loco</span> <span class='ocrx_word' id='word_1_188' title='bbox 696 2223 953 2258; x_wconf 80' lang='lat' dir='ltr'>monstratam;</span> <span class='ocrx_word' id='word_1_189' title='bbox 998 2222 1196 2261; x_wconf 85' lang='lat' dir='ltr'>sequuntur</span> <span class='ocrx_word' id='word_1_190' title='bbox 1225 2215 1440 2251; x_wconf 85' lang='lat' dir='ltr'>recentiores</span> <span class='ocrx_word' id='word_1_191' title='bbox 1471 2216 1546 2250; x_wconf 77' lang='lat' dir='ltr'>fere</span> 
     </span>
     <span class='ocr_line' id='line_1_27' title="bbox 375 2280 1546 2328; baseline -0.001 -12"><span class='ocrx_word' id='word_1_192' title='bbox 375 2295 513 2325; x_wconf 86' lang='lat' dir='ltr'>omnes,</span> <span class='ocrx_word' id='word_1_193' title='bbox 548 2282 608 2328; x_wconf 90' lang='lat' dir='ltr'>qui</span> <span class='ocrx_word' id='word_1_194' title='bbox 639 2296 712 2316; x_wconf 84' lang='lat' dir='ltr'>non</span> <span class='ocrx_word' id='word_1_195' title='bbox 750 2295 826 2316; x_wconf 84' lang='lat' dir='ltr'>rem</span> <span class='ocrx_word' id='word_1_196' title='bbox 856 2281 968 2328; x_wconf 82' lang='lat' dir='ltr'>ipsam</span> <span class='ocrx_word' id='word_1_197' title='bbox 997 2280 1165 2315; x_wconf 86' lang='lat' dir='ltr'>historico</span> <span class='ocrx_word' id='word_1_198' title='bbox 1196 2281 1304 2314; x_wconf 84' lang='lat' dir='ltr'>modo</span> <span class='ocrx_word' id='word_1_199' title='bbox 1333 2281 1546 2328; x_wconf 82' lang='lat' dir='ltr'>explicantes</span> 
     </span>
     <span class='ocr_line' id='line_1_28' title="bbox 374 2346 1544 2393; baseline 0 -13"><span class='ocrx_word' id='word_1_200' title='bbox 374 2347 487 2380; x_wconf 79' lang='lat' dir='ltr'>solam</span> <span class='ocrx_word' id='word_1_201' title='bbox 511 2347 747 2393; x_wconf 76' lang='lat' dir='ltr'>praetendunt</span> <span class='ocrx_word' id='word_1_202' title='bbox 770 2346 1014 2380; x_wconf 79' lang='lat' dir='ltr'>auctoritatem</span> <span class='ocrx_word' id='word_1_203' title='bbox 1042 2346 1355 2388; x_wconf 82' lang='lat' dir='ltr'>membranarum3</span> <span class='ocrx_word' id='word_1_204' title='bbox 1394 2360 1544 2393; x_wconf 83' lang='lat' dir='ltr'>quarum</span> 
     </span>
     <span class='ocr_line' id='line_1_29' title="bbox 375 2411 1544 2460; baseline -0.001 -14"><span class='ocrx_word' id='word_1_205' title='bbox 375 2413 499 2460; x_wconf 79' lang='lat' dir='ltr'>exigua</span> <span class='ocrx_word' id='word_1_206' title='bbox 519 2413 679 2458; x_wconf 76' lang='lat' dir='ltr'>profecto</span> <span class='ocrx_word' id='word_1_207' title='bbox 703 2419 752 2445; x_wconf 83' lang='lat' dir='ltr'>cst</span> <span class='ocrx_word' id='word_1_208' title='bbox 772 2412 806 2445; x_wconf 88' lang='lat' dir='ltr'>in</span> <span class='ocrx_word' id='word_1_209' title='bbox 828 2411 954 2445; x_wconf 72' lang='lat' dir='ltr'>talibus</span> <span class='ocrx_word' id='word_1_210' title='bbox 975 2413 1078 2445; x_wconf 75' lang='lat' dir='ltr'>rebus</span> <span class='ocrx_word' id='word_1_211' title='bbox 1103 2411 1306 2453; x_wconf 77' lang='lat' dir='ltr'>auctoritas,</span> <span class='ocrx_word' id='word_1_212' title='bbox 1334 2411 1383 2445; x_wconf 88' lang='lat' dir='ltr'>uti</span> <span class='ocrx_word' id='word_1_213' title='bbox 1407 2411 1544 2446; x_wconf 87' lang='lat' dir='ltr'>Osann.</span> 
     </span>
     <span class='ocr_line' id='line_1_30' title="bbox 375 2477 1544 2524; baseline -0.001 -13"><span class='ocrx_word' id='word_1_214' title='bbox 375 2478 515 2524; x_wconf 78' lang='lat' dir='ltr'>Apulcj.</span> <span class='ocrx_word' id='word_1_215' title='bbox 546 2491 579 2524; x_wconf 85' lang='lat' dir='ltr'>p.</span> <span class='ocrx_word' id='word_1_216' title='bbox 606 2478 690 2520; x_wconf 65' lang='lat'>52,</span> <span class='ocrx_word' id='word_1_217' title='bbox 720 2477 955 2511; x_wconf 73' lang='lat' dir='ltr'>Lindemann.</span> <span class='ocrx_word' id='word_1_218' title='bbox 985 2478 1028 2511; x_wconf 67' lang='lat' dir='ltr'>:nd</span> <span class='ocrx_word' id='word_1_219' title='bbox 1057 2478 1217 2512; x_wconf 86' lang='lat' dir='ltr'>Probum</span> <span class='ocrx_word' id='word_1_220' title='bbox 1249 2477 1412 2512; x_wconf 82' lang='lat' dir='ltr'>Gramm.</span> <span class='ocrx_word' id='word_1_221' title='bbox 1441 2478 1544 2511; x_wconf 87' lang='lat' dir='ltr'>Tom.</span> 
     </span>
     <span class='ocr_line' id='line_1_31' title="bbox 374 2543 1543 2589; baseline 0.001 -14"><span class='ocrx_word' id='word_1_222' title='bbox 374 2543 402 2584; x_wconf 84' lang='grc' dir='ltr'>Ι,</span> <span class='ocrx_word' id='word_1_223' title='bbox 432 2557 466 2589; x_wconf 84' lang='lat' dir='ltr'>p.</span> <span class='ocrx_word' id='word_1_224' title='bbox 502 2543 611 2585; x_wconf 79' lang='grc'><strong>126.,</strong></span> <span class='ocrx_word' id='word_1_225' title='bbox 659 2551 691 2577; x_wconf 88' lang='lat' dir='ltr'>ct</span> <span class='ocrx_word' id='word_1_226' title='bbox 718 2556 805 2589; x_wconf 90' lang='lat' dir='ltr'>quos</span> <span class='ocrx_word' id='word_1_227' title='bbox 843 2543 945 2576; x_wconf 78' lang='lat' dir='ltr'>assert</span> <span class='ocrx_word' id='word_1_228' title='bbox 984 2544 1127 2578; x_wconf 77' lang='lat' dir='ltr'>Hessius</span> <span class='ocrx_word' id='word_1_229' title='bbox 1157 2555 1286 2578; x_wconf 87' lang='lat' dir='ltr'>comm.</span> <span class='ocrx_word' id='word_1_230' title='bbox 1316 2543 1331 2576; x_wconf 88' lang='lat' dir='ltr'>I</span> <span class='ocrx_word' id='word_1_231' title='bbox 1362 2543 1398 2577; x_wconf 87' lang='lat' dir='ltr'>in</span> <span class='ocrx_word' id='word_1_232' title='bbox 1432 2543 1543 2576; x_wconf 84' lang='lat' dir='ltr'>Tacit.</span> 
     </span>
    </p>
   </div>
   <div class='ocr_carea' id='block_1_5' title="bbox 376 2607 623 2654">
    <p class='ocr_par' dir='ltr' id='par_1_5' title="bbox 376 2607 623 2654">
     <span class='ocr_line' id='line_1_32' title="bbox 376 2607 623 2654; baseline 0.004 -14"><span class='ocrx_word' id='word_1_233' title='bbox 376 2607 498 2642; x_wconf 85' lang='lat' dir='ltr'>Germ.</span> <span class='ocrx_word' id='word_1_234' title='bbox 527 2622 560 2654; x_wconf 85' lang='lat' dir='ltr'>p.</span> <span class='ocrx_word' id='word_1_235' title='bbox 589 2609 623 2642; x_wconf 88' lang='lat'>7.</span> 
     </span>
    </p>
   </div>
  </div>
 </body>
</html>
