1677 3059
562 228 628 236 -—
735 199 824 249 143
931 226 996 235 -

131 338 335 406 Tydeus,
372 337 526 404 Tydei.
594 338 643 384 In
669 336 922 401 hujusmodi
949 347 1093 384 tamen
1125 338 1427 388 terminatione

129 418 345 484 quaedam²
387 418 667 466 inveniuntur
698 417 935 464 mutatione
971 437 1046 465 eus
1083 417 1346 484 diphthongi
1382 420 1430 468 in

127 493 186 547 es-
210 500 388 563 longum
422 498 612 565 prolata,
653 511 701 546 ut
733 501 949 553 Ἀχιλλεὺς
980 498 1196 557 Achilles,
1237 503 1430 565 Περσεὺς

128 586 300 643 Πέρσης
308 617 328 645 ,
370 584 613 632 Ὀδυσσεὺς
646 579 808 628 Ulixes
898 582 949 627 Iu
981 599 1068 646 quo
1102 581 1245 629 Dores
1280 583 1428 647 sequi-

126 679 248 718 mur,
286 660 361 726 qui
394 679 475 727 pro
514 664 683 713 Φυλεὺς
719 662 895 724 Φύλης,
931 679 1011 726 pro
1039 664 1231 723 Ὀρφεὺς
1253 661 1430 726 Ὂρφης

129 753 171 788 et
199 741 379 804 ’Ὁρφην
409 741 584 800 dieunt,
617 761 699 808 pro
736 744 902 792 Τυδεὺς
926 744 1117 800 temne«
1174 742 1428 791 Priscianus

129 822 167 868 si
203 821 348 869 dicere
386 821 521 869 voluit
562 823 740 871 Latinos
783 824 969 872 Ulixem
1016 826 1268 888 (perperam
1313 826 1428 873 enim

128 901 363 949 Putschius
412 903 652 968 Ulyssem,
707 915 822 952 recte
868 903 1096 965 Krehlius)
1143 907 1352 969 repetisse
1405 927 1429 954 a

126 980 350 1041 Doribus,
396 983 495 1031 licet
528 1003 645 1032 nunc
682 984 859 1050 quidem
901 984 955 1031 de
997 1003 1086 1031 una
1126 986 1429 1035 terminatione

124 1056 208 1128 {fg-7
243 1055 298 1112 ἔξ
323 1075 502 1127 agatur,
546 1075 687 1112 tamen
725 1064 851 1112 etiam
882 1064 927 1111 in
962 1065 1136 1112 relic-uis
1168 1065 1303 1114 literis
1335 1067 1430 1114 Do-

126 1146 262 1192 ricam
296 1144 486 1192 debebat
518 1146 703 1193 retinere
735 1148 944 1203 formam,
991 1146 1066 1211 qui
1101 1164 1190 1192 non
1224 1147 1430 1196 dicebant

126 1228 364 1284 Ὀδύσσης.
378 1229 448 1291 38)
520 1226 671 1290 Quare
703 1237 743 1273 et
771 1226 928 1273 rationi
964 1226 1313 1292 obtemperantes
1348 1246 1429 1275 nee

127 1326 216 1354 non
241 1306 412 1373 patulas
441 1326 568 1356 aures
590 1307 850 1373 praebentes
876 1306 1003 1354 claris
1033 1308 1291 1354 testimoniis
1320 1311 1427 1356 scri-

126 1399 303 1453 ptorum
337 1388 536 1436 codicum
569 1387 801 1435 scribimus
838 1391 1073 1453 Οὐλιξεὺς,
1108 1408 1250 1455 neque
1283 1400 1428 1437 tamen

128 1469 254 1533 quasi
282 1467 400 1516 hunc
425 1471 583 1516 exitum
607 1470 651 1516 iu
673 1461 746 1521 εἶς
771 1469 984 1516 exstitisse
1015 1469 1259 1533 opinemur,
1297 1488 1428 1534 quam

126 1550 380 1597 Priscianus
415 1563 707 1613 congruenter
737 1551 933 1597 instituto
969 1569 1049 1597 suo
1076 1549 1252 1596 effinxit.
1303 1551 1428 1598 Stant

127 1630 242 1679 enim
287 1649 312 1677 a
353 1629 482 1678 nobis
530 1643 616 1678 tres
662 1631 763 1678 libri
800 1643 963 1678 veteres
1008 1649 1118 1695 quos
1163 1630 1429 1680 bibliotheca

125 1711 431 1760 Wolfenbutt.
467 1723 604 1767 tenet,
651 1712 767 1759 Gud.
800 1713 886 1770 64,
931 1729 1041 1758 saec.
1078 1714 1142 1767 X;
1188 1712 1426 1760 Helmstad.

126 1794 236 1852 516,
271 1811 381 1840 saec.
414 1793 541 1848 XIII;
577 1792 926 1856 Weissenburg.
965 1795 1041 1850 50,
1072 1810 1181 1839 saec.
1217 1794 1292 1840 XI.
1363 1795 1428 1841 Ex

127 1874 290 1939 quibus
325 1874 492 1939 primus
540 1884 580 1919 et
624 1875 776 1921 tertius
812 1874 972 1921 diserte
1015 1872 1221 1921 exhibent
1268 1882 1428 1924 ΟῬΛΙ-

125 1961 331 2018 ΞΕΟῬΣ,
379 1952 616 2000 Helmstad.
665 1965 810 2002 autem
854 1962 1101 2005 ΤΛΙΞΕῬΣ.
1172 1955 1337 2003 Mirum
1380 1955 1427 2002 ni

126 2033 244 2081 idem
287 2034 566 2099 prodiderint
609 2034 710 2081 libri
754 2035 946 2092 Krehlii,
993 2046 1035 2081 at
1067 2035 1104 2081 is
1142 2034 1249 2082 silet.
1325 2034 1427 2082 Non

126 2115 217 2181 jam
251 2115 332 2162 erit
358 2127 633 2163 controversa
664 2133 758 2163 res:
796 2117 970 2181 scripsit
994 2114 1313 2162 Grammaticus
1338 2117 1427 2163 Οὐ-

125 2197 297 2259 λιξεὺς,
333 2197 454 2259 quod
476 2197 618 2244 Dores
655 2196 859 2244 dixerunt
896 2198 1114 2257 Οὐλίξης,
1157 2195 1318 2242 Ulia-es
1340 2196 1425 2243 La-

126 2277 216 2323 tini.
286 2276 383 2322 Huc
413 2275 601 2341 denique
636 2278 801 2325 accedit
834 2276 1030 2340 Fulgent.
1060 2275 1245 2342 Mythol.
1268 2276 1322 2333 II,
1351 2277 1423 2323 11.

125 2357 320 2424 »Ulyxes
346 2359 448 2421 (scr.
482 2357 662 2422 Ulixes)
699 2359 864 2406 Graece
899 2356 1024 2422 quasi
1055 2358 1176 2405 ὅλων
1199 2360 1343 2418 ξένος,
1379 2357 1426 2403 id

181 2537 249 2582 38)
290 2536 398 2582 Cujus
428 2536 564 2571 nullum
596 2543 646 2571 est
672 2537 855 2585 vestigium
889 2539 1051 2582 sormaeg
1091 2542 1184 2572 errat
1218 2536 1426 2572 Schneider.

258 2601 419 2636 Gramm.
447 2602 522 2636 Lat.
550 2601 594 2646 II,
629 2602 665 2645 1,
693 2615 728 2650 p.
758 2603 846 2640 164.
