1677 3059
690 241 749 247 —-
874 223 954 258 xvi
1067 240 1129 247 --

260 354 329 401 Ol.
364 356 396 411 Ι,
425 355 499 400 43.
566 355 694 400 Nunc
727 352 852 410 vide,
893 351 1115 415 quomodo
1144 354 1288 401 omnia
1314 354 1433 420 apud
1464 355 1568 423 Iby-

258 461 356 490 cum
392 451 484 486 acta
520 441 618 487 sint.
698 440 836 486 Amor
870 440 1014 485 lovem
1051 439 1258 505 cupidine
1293 441 1566 509 Ganymedis

254 529 381 596 pueri
426 527 701 592 impleverat3
763 526 890 590 isque
937 525 1106 590 aquilae
1143 527 1332 592 speciem
1376 529 1565 577 induens

253 627 413 672 nocm,
459 625 508 661 ut
537 613 733 670 videtur,
784 613 830 659 in
864 631 1067 678 campum
1107 613 1348 661 Troianum
1384 616 1566 663 descen-

253 703 404 759 derat,
440 711 570 766 atque
603 699 706 746 inde
743 719 767 745 a
803 698 1040 763 gregibus,
1079 719 1189 764 quos
1224 702 1478 766 pascebant,
1515 721 1566 750 ex

255 788 434 836 duobus
469 787 595 835 bellis
631 786 781 852 pueris
810 786 992 834 alterum
1018 798 1247 852 rapuerat,
1287 788 1468 835 alterum
1495 808 1566 838 re-

253 877 452 941 liquerat.
488 875 628 922 Amor
650 874 829 922 victoria
853 892 933 921 sua
955 886 1004 921 ut
1020 874 1274 933 frueretur,
1307 893 1356 922 ex
1384 875 1567 943 Olympi

253 963 393 1031 portis
431 979 660 1025 egressus,
705 972 834 1026 atque
868 961 914 1007 in
951 980 1105 1025 agrum
1141 963 1380 1009 Troianum
1417 963 1567 1029 despi-

253 1050 373 1097 ciens
408 1047 526 1095 videt
559 1047 798 1094 Tithonum
829 1047 969 1095 solum
1004 1048 1225 1107 relictum,
1261 1050 1378 1096 videt
1412 1050 1568 1097 eodem

251 1148 449 1201 tempore
483 1136 704 1183 Auroram
740 1135 853 1182 inter
885 1136 1066 1183 vertices
1102 1136 1200 1183 illos
1236 1136 1404 1184 caelum
1441 1137 1565 1184 attol-

252 1224 390 1271 lentes
418 1223 546 1270 citato
574 1240 707 1269 curru
732 1234 1047 1285 exsurgentem.
1113 1222 1237 1284 Quid
1261 1223 1427 1271 multa?
1460 1224 1568 1272 deae

251 1322 406 1377 pectus
443 1309 628 1356 'Amoris
661 1309 940 1375 persentiscit
974 1309 1132 1368 telum,
1190 1330 1277 1376 quo
1313 1311 1462 1359 saucia
1494 1311 1569 1358 illa

254 1410 296 1444 et
331 1397 512 1445 attonita
547 1415 679 1444 curru
707 1396 895 1442 inhibito
935 1400 1119 1460 (δίφρον
1152 1400 1387 1463 στήσασα)
1424 1410 1467 1446 et
1498 1418 1568 1447 re-

252 1484 353 1532 licto
394 1485 441 1531 in
475 1483 658 1530 Idaeum
693 1503 847 1547 agrum
884 1484 1023 1530 avolat
1067 1496 1107 1531 et
1143 1484 1384 1532 Tithonum
1418 1503 1568 1534 secum

252 1572 407 1620 aufert.
484 1573 577 1618 Iam
608 1582 793 1635 uterque
827 1571 923 1635 pari
968 1570 1170 1618 felicitate
1206 1571 1294 1618 frui
1337 1572 1565 1622 videntur:

251 1660 333 1708 sed
368 1659 549 1706 Tithoni
586 1657 756 1720 fragilis
794 1668 857 1703 est.
893 1668 934 1703 et
968 1657 1097 1704 fallax
1130 1657 1356 1723 voluptas,
1394 1670 1568 1707 aeterna

252 1760 294 1796 et
333 1746 446 1794 ultra
489 1743 770 1793 humanitatis
806 1755 967 1792 sortem
1014 1755 1159 1791 evecta
1199 1744 1377 1792 fortuna
1414 1746 1568 1814 Gany-

252 1834 408 1882 medis.

381 1922 476 1968 Hoc
508 1917 705 1985 exemplo
733 1918 1060 1984 quodammodo
1087 1918 1270 1982 intelligi
1298 1930 1456 1985 potest,
1492 1921 1567 1985 qui

252 2010 383 2057 fuerit
419 2007 632 2074 splendor
667 2019 707 2054 et
742 2019 905 2071 quanta
939 2007 1286 2072 descriptionum
1312 2005 1492 2053 ubertas
1519 2008 1567 2054 in

252 2097 322 2144 his
369 2095 638 2143 carminibus
683 2095 930 2151 amatoriis,
992 2094 1156 2158 quibus
1202 2094 1335 2141 rebus
1382 2092 1570 2141 multum

252 2185 327 2232 illa
371 2183 641 2230 differebant
686 2181 741 2229 ab
790 2182 963 2229 eroticis
1009 2180 1293 2229 Aeoleusium
1328 2179 1568 2247 lyricorum

255 2271 493 2338 poeniati8‚
541 2270 740 2317 tenuiore
779 2270 853 2317 silo
892 2268 1104 2315 deductis.
1196 2268 1262 2314 Ac
1302 2285 1403 2313 vcro
1441 2267 1568 2313 etiam

254 2362 300 2408 in
344 2357 579 2406 affectibus
624 2357 926 2420 significandis
964 2368 1004 2402 et
1039 2353 1343 2401 describendis
1389 2353 1567 2421 Ibycus,

254 2447 420 2510 ingenii
456 2445 626 2492 fervore
659 2444 862 2492 incitatus
896 2455 937 2492 et
971 2441 1253 2506 stropharum
1280 2440 1443 2486 maiore
1478 2457 1569 2485 am-

255 2535 351 2580 bitu
387 2533 588 2588 adiutu5‚
635 2544 848 2596 quantum
881 2529 1086 2578 Aeolicae
1122 2528 1243 2596 lyrae
1278 2527 1386 2574 fines
1422 2543 1568 2572 exces-

257 2624 385 2670 serit:
435 2639 484 2667 eo
525 2619 761 2685 praecipue
797 2619 1067 2683 fragment0‚
1131 2615 1251 2680 quod
1287 2614 1428 2679 primo
1474 2611 1569 2659 loco
