1677 3059
566 218 632 227 ....
757 191 818 237 95
942 218 1006 226 ...-

138 333 220 378 καὶ
246 330 388 380 αὐτὸς
406 328 527 376 οὕτω
549 327 789 392 πρεςβύτης
821 328 888 374 ὧν
915 335 972 377 εἷς
1005 329 1086 376 τὸν
1111 334 1261 391 ἔρωτα
1294 337 1437 397 ἀναγ-

136 412 358 464 κάζεσθαι
377 413 500 457 ἰέναι.
534 408 587 455 In
613 426 742 474 quem
772 407 916 455 locum
941 408 1047 457 haec
1074 411 1276 477 ascripsit
1298 414 1437 464 Scho-

135 489 286 538 liasta:
320 490 374 537 τὸ
408 491 492 538 τοῦ
524 490 769 546 μελοποιοῦ
801 491 974 552 Ἰβύκου
1008 493 1170 552 ῥητόν

189 571 313 634 Ἐρος
336 561 447 619 αὖτέ
464 589 521 628 με
540 574 792 618 κυανέοισιν
809 571 900 616 ’ὑπὸ
922 574 1160 634 βλεφάροις
1180 582 1332 639 τακέρ·
1353 579 1436 636 ὅμ-

836 669 953 707 μασι
973 654 1234 713 δερκόμενος

192 732 428 792 κηλήμασι
447 737 760 784 παντοδαποῖς
779 737 821 783 ἐς
841 736 1064 793 ἀπείρονα
1083 739 1249 783 δίκτυα
1263 743 1436 806 Κύπρι-

841 818 916 862 δος
935 815 1160 875 εἰςέβαλεν.

341 885 404 941 Ἦ
417 893 514 948 μὰν
530 897 702 954 τρομέω
721 895 763 940 ἲν
782 895 1098 958 ἐπερχόμενον,

188 977 306 1026 ὥστε
327 976 562 1037 φερέζυγος
583 975 719 1025 &mos
741 977 1030 1036 ἀεθλοφόρος
1054 981 1163 1024 ποτιΙ
1187 981 1311 1047 γήρᾳ

187 1061 338 1108 ἀέκων
364 1057 449 1103 σὺν
471 1053 635 1115 ὄχεσφι
656 1061 788 1106 θοοῖς
805 1061 846 1105 ἐς
867 1057 1067 1112 ἅμιλλαν
1092 1063 1187 1124 ἔβα.

258 1451 408 1496 Amor
429 1468 593 1496 rursus
626 1469 698 1496 me
723 1448 947 1496 caeruleis
977 1447 1062 1495 sub
1088 1448 1330 1513 palpebris
1364 1452 1434 1498 la-

127 1528 241 1574 scive
274 1529 421 1575 oculis
454 1539 672 1576 contuens
705 1531 920 1576 omnibns
952 1531 1257 1578 irritamentis
1290 1535 1340 1579 in
1363 1536 1434 1580 in-

111 1608 263 1674 finita
294 1609 481 1676 conjecit
513 1613 633 1657 retia
668 1609 898 1674 Cypridis.
987 1610 1152 1656 Hercle
1186 1632 1299 1660 sane
1325 1634 1433 1679 per-

125 1688 338 1738 horresco
381 1708 509 1747 eum,
564 1693 683 1738 sicut
716 1692 890 1756 jugum
914 1693 1081 1754 ferens
1116 1711 1262 1758 equus
1295 1696 1435 1742 victor

124 1773 251 1818 senio
285 1771 447 1836 cffnis
469 1774 639 1820 invitus
663 1790 769 1819 cum
791 1773 1003 1819 curribus
1027 1771 1248 1820 celeribus
1269 1775 1320 1821 in
1339 1793 1432 1823 cer-

125 1860 282 1899 tamen
312 1854 403 1899 ivit.
1478 1922 1480 1925 ι

245 1938 422 1985 Primus
450 1936 557 1984 haec
595 1955 645 1984 ex
681 1936 858 1984 duobus
894 1935 1021 1985 codd.
1050 1936 1271 1984 Vaticanis
1294 1937 1433 1987 edidit

124 2018 342 2075 Ursinus;
377 2029 469 2065 tum
503 2017 736 2066 Ruhnken.
774 2017 935 2064 Scholl.
971 2018 1079 2065 Plat.
1118 2037 1159 2083 p.
1195 2019 1298 2078 40„
1335 2020 1430 2068 Sie-

121 2096 325 2145 benkees.
361 2098 560 2146 Anecdd.
596 2098 696 2146 Grr.
722 2117 764 2163 p.
795 2098 869 2146 49.
908 2116 958 2145 ex
991 2098 1167 2145 duobus
1192 2100 1319 2148 codd.
1342 2103 1430 2149 Ve-

123 2188 239 2236 net.‚
275 2197 364 2225 uno
399 2180 639 2244 Angelico,
682 2179 802 2226 nulla
833 2190 977 2226 tamen
1013 2179 1256 2245 scripturae
1291 2183 1428 2229 varie-

121 2269 207 2305 tate
244 2259 488 2322 exsignata3
518 2261 700 2309 Bekker.
733 2255 894 2307 Scholl.
930 2260 1038 2307 Plat.
1069 2279 1111 2326 p.
1136 2263 1255 2319 329,
1290 2261 1427 2327 pluri-

120 2337 206 2386 bus
243 2357 350 2385 usus
385 2340 539 2399 codd.‚
574 2342 683 2389 nihil
708 2343 762 2390 de
787 2341 1091 2408 discrepantiis
1111 2359 1308 2389 monens.
1363 2343 1427 2389 Ex

121 2418 217 2466 cod.
265 2420 579 2467 Darmstadino
612 2424 793 2486 protulit
837 2424 1036 2470 Creuzer.
1073 2422 1130 2469 ad
1173 2421 1331 2469 Plotin.
1371 2423 1425 2470 de

118 2497 320 2563 pulchrit.
347 2519 390 2571 p.
421 2502 552 2558 351.‚
590 2501 727 2548 edidit
748 2503 966 2550 Chardon.
1014 2503 1213 2551 Rochett.
1238 2503 1420 2552 Miscell.

116 2577 272 2626 literar.
310 2580 365 2638 ΙΙ,
399 2600 441 2646 p.
478 2581 585 2628 417.
672 2581 763 2644 Qui
799 2594 840 2630 et
878 2584 974 2648 ipse
1007 2582 1204 2648 prodidit
1239 2583 1422 2632 Proclus
