1677 3059
696 227 760 235 -—
874 198 966 245 132
1074 224 1138 232 -—

419 612 470 659 Π.
551 611 849 659 Carmina
898 607 1144 655 heroico
1167 639 1186 644 -
1209 607 1421 669 lyrica.

705 791 743 837 1.
804 790 1141 837 Troica.

729 910 960 973 Fragm.
1008 909 1124 955 XIV.

406 990 565 1039 Scholl.
603 993 754 1038 Venet.
788 989 834 1034 in
863 990 988 1035 Hom.
1022 989 1067 1034 ΙΙ.
1105 989 1180 1045 III,
1212 988 1317 1034 114.

371 1073 629 1135 Πορφύριος
660 1075 707 1117 ἐν
742 1077 834 1119 τοῖς
862 1072 1285 1129 παραλελειμμένοις
1306 1073 1473 1131 φησίν,
1508 1067 1579 1113 ὅτι

272 1156 355 1201 τὸν
372 1156 569 1213 Ἕκτορα
591 1152 864 1200 Ἀπόλλωνος
896 1150 994 1195 υἱὸν
1024 1153 1341 1210 παραδίδωσιν
1351 1150 1420 1209 31)
1446 1146 1515 1209 ’Ίβ
1529 1165 1579 1192 υ-

274 1252 396 1297 uos,
441 1235 746 1294 Ἀλέξανδρος,
785 1229 1014 1293 (Aetolus,
1062 1249 1097 1275 v.
1134 1229 1262 1292 frgm.
1301 1227 1458 1276 XVIII.
1499 1227 1581 1274 Ca-

273 1313 440 1380 pellm.)
484 1318 729 1373 Εὐφορίων
738 1347 756 1375 7
817 1312 967 1373 (frgm.
1007 1310 1181 1357 CXXV.
1230 1309 1389 1375 Mein.)
1431 1311 1581 1358 Λυκό-

273 1412 432 1459 φρων,
469 1392 588 1440 Cass.
623 1393 731 1439 266.

387 1473 740 1522 Fundamentum
761 1471 936 1519 fabulae
960 1471 1014 1519 de
1033 1472 1234 1519 Hectoris
1255 1471 1425 1534 origine
1443 1468 1582 1534 Apol-

274 1555 389 1602 linea
418 1554 590 1601 videtur
622 1553 718 1618 ipse
750 1571 844 1599 esse
880 1555 1097 1600 Homerus
1120 1553 1243 1599 Iliad.
1269 1552 1432 1607 XXIV,
1455 1551 1579 1607 259,

275 1636 354 1682 ubi
379 1635 581 1682 Priamus
608 1635 827 1697 insignem
850 1633 926 1680 filii
955 1633 1256 1680 fortitudinem
1278 1631 1484 1679 laudibus
1508 1649 1581 1679 ex-

276 1715 432 1763 tollens
467 1716 527 1762 ita
561 1714 699 1762 fatur:

406 1798 515 1847 θεὸς
534 1797 636 1842 ἔσκε
657 1800 753 1852 μετ’
779 1797 1000 1858 ἀνδράσιν
1026 1799 1135 1843 οὐδὲ
1159 1796 1288 1858 ἐῴκει

343 1878 506 1939 ἀνδρὸς
528 1895 580 1937 γε
600 1879 782 1932 θνητοῦ
808 1884 913 1927 παῖς
931 1881 1117 1933 ἔμμεναι,
1130 1912 1148 1939 ,
1183 1875 1308 1922 ἀλλὰ
1329 1880 1470 1920 θεοῖο.

279 1960 328 2004 In
364 1976 494 2022 quem
527 1955 671 2003 locum
703 1955 861 2002 Scholl.
893 1959 1022 2004 Ven.:
1059 1963 1336 2016 Στησίχορος
1361 1954 1582 2002 Ἀπόλλω-

278 2056 352 2088 νος
385 2039 526 2084 αὐτόν
559 2055 726 2100 φησιν,
761 2038 816 2082 οὐ
851 2039 1019 2094 νοήσας
1048 2039 1133 2092 τὴν
1162 2036 1429 2097 ὑπερβολήν.
1485 2033 1582 2080 Ste-

281 2117 504 2163 sichorum
549 2116 620 2164 ille
661 2116 802 2163 solum
847 2118 906 2164 ita
952 2117 1026 2182 qui
1064 2116 1261 2162 statuerit
1301 2113 1496 2160 nominat
1536 2126 1581 2161 ut

282 2208 417 2243 aetate
451 2197 720 2262 principem:
757 2198 874 2243 unde
910 2199 1108 2244 Tzetzam
1142 2196 1186 2241 in
1222 2195 1441 2262 Lycophr.
1473 2197 1579 2243 266.

284 2277 403 2343 Ibyci
439 2277 583 2324 locum
618 2295 832 2343 occupare
864 2277 1044 2341 jussisse
1081 2277 1404 2332 Stesichorum,
1441 2278 1584 2323 notio-

282 2377 371 2403 rem
393 2358 478 2404 sibi
501 2369 698 2423 poetam,
739 2357 945 2423 suspicati
967 2377 1117 2404 sunius
1142 2359 1187 2404 in
1212 2357 1415 2422 Prolegg.
1441 2378 1481 2423 p.
1506 2359 1579 2405 42.

335 2539 402 2583 31)
434 2541 592 2575 Verbum
621 2541 846 2591 παραδιδόναι
876 2542 919 2576 de
950 2542 1059 2588 poetis
1092 2549 1299 2589 usurpatum
1330 2537 1511 2573 illustravit
1543 2538 1582 2571 F.

412 2604 455 2638 Α.
478 2606 600 2641 ΧΥοΙΓ.
630 2607 664 2641 in
696 2608 803 2654 Epist.
832 2607 875 2641 ad
905 2607 1170 2653 Schellcnberg.
1200 2604 1401 2640 Antimach.
1432 2617 1465 2649 p.
1492 2603 1580 2638 120.
