1677 3059
712 229 774 236 —
876 212 989 247 XXlV
1092 233 1152 240 -...

275 349 330 377 ac
367 347 487 394 quae
521 329 711 391 [byciae
730 326 942 391 fabulae
983 325 1163 382 subest,
1218 326 1363 392 deque
1399 327 1590 376 Sclzille-

274 408 405 454 riani
430 406 652 452 carminis
681 404 928 452 virtutibus
964 403 1216 467 disputavit
1239 406 1497 467 insigniter,
1534 425 1589 453 ea

273 503 368 530 non
395 484 639 547 potuimus
685 498 924 544 excerpere
966 482 1137 526 omnia.
1230 482 1291 526 Ut
1326 492 1480 529 lamen
1499 486 1589 547 fa-

274 572 482 615 teamur,
519 558 653 624 quod
670 559 909 615 sentimus,
945 577 1038 605 non
1054 559 1292 621 persuasit
1323 560 1389 605 W
1383 559 1590 608 elckerus

274 639 479 685 rationes
525 655 666 693 suas,
720 653 841 701 quas
888 637 1115 700 quoniam
1161 644 1373 681 nostram
1411 647 1588 684 senten-

273 719 392 764 tiam
427 715 602 762 caussis
637 713 799 760 allatis
833 711 1126 776 defendimus
1159 714 1209 758 in
1243 716 1590 762 commentariis

274 794 469 848 nostris,
505 793 786 855 impugnare
810 808 904 835 non
926 791 1218 836 sustinemus.
1277 789 1418 836 Illud
1436 790 1588 839 addo.-

274 872 378 918 licet
411 867 642 935 ejusmodi
652 866 874 931 fabellae
904 868 1133 930 viguerint
1167 869 1286 913 inter
1314 876 1480 914 veteres
1510 887 1587 916 va-

273 950 398 1002 riae,
433 956 590 992 tamen
613 946 736 991 ratio
766 961 860 991 non
886 943 1064 991 videtur
1091 943 1230 990 reddi
1243 962 1381 1009 posse
1404 944 1588 1002 idonea,

273 1045 355 1073 cur
401 1024 544 1086 Ibyco
576 1023 877 1086 potissimum
911 1022 968 1068 id
987 1025 1159 1083 fatum
1193 1023 1491 1085 ascripserint
1523 1032 1588 1068 te-

272 1121 422 1149 mere:
478 1118 627 1165 quare
661 1101 712 1144 in
747 1117 802 1144 ea
840 1100 1040 1162 persisto
1072 1100 1323 1154 sententia,
1380 1108 1431 1145 ut
1471 1109 1589 1146 certe

273 1177 468 1244 aliquid
517 1177 615 1223 veri
657 1176 840 1222 subesse
891 1177 1163 1222 narrationi
1216 1175 1295 1221 illi
1340 1176 1586 1241 confidam.

272 1261 526 1304 Praeterea
559 1253 682 1319 quid
710 1254 766 1300 de
798 1253 974 1299 Aristea
1006 1253 1090 1299 illo
1109 1254 1265 1316 frgm.
1300 1255 1587 1309 XXXVIII,

273 1339 323 1383 in
369 1333 498 1398 cujus
543 1349 627 1378 nos
668 1330 824 1377 sedem
858 1329 1203 1395 Aristophanem
1241 1330 1586 1386 reducebamus,

263 1411 541 1480 judicaverit
570 1410 647 1455 Fr.
674 1408 923 1454 Jacobsius
956 1409 1006 1453 in
1027 1408 1208 1454 Aelian.
1233 1409 1355 1454 Hist.
1381 1409 1584 1454 Animm.

277 1493 357 1545 VI,
383 1488 485 1543 51.,
536 1486 744 1549 comperi
778 1503 837 1530 ex
871 1485 1019 1530 literis
1052 1487 1105 1530 E.
1149 1487 1201 1531 L.
1239 1484 1295 1530 de
1336 1484 1587 1539 Leutsclzii‚

274 1566 419 1614 amici
457 1563 828 1628 conjunctissimi.
910 1564 972 1608 In
1006 1561 1218 1607 ordinem
1265 1564 1384 1607 enim
1421 1563 1586 1624 recepit

271 1645 555 1707 scripturam
578 1644 810 1703 Ἀριστίας,
847 1658 985 1705 quem
1009 1640 1194 1704 aliquot
1229 1637 1357 1685 codd.
1380 1639 1588 1684 scribunt

270 1724 523 1783 Ἀριστείας,
559 1716 822 1778 intelligens
842 1716 1127 1773 Phliasium,
1164 1714 1586 1779 Pratinaefilium,

274 1799 329 1846 de
355 1815 448 1862 (luo
474 1794 606 1840 adiri
615 1794 749 1859 jubet
770 1792 1058 1840 Meinekimn
1078 1795 1127 1840 in
1153 1794 1473 1839 Commentatt.
1498 1793 1585 1837 mi-

272 1875 394 1923 scell.
430 1875 482 1928 I,
513 1890 561 1935 p.
592 1874 668 1916 22.
750 1872 901 1919 Nobis
934 1871 991 1918 id
1003 1870 1126 1936 fieri
1155 1889 1248 1916 non
1280 1868 1427 1917 videri
1449 1885 1587 1933 posse

274 1951 612 1999 declaravimus
647 1948 676 1994 l.
714 1968 746 1994 c.

403 2025 567 2082 Valete‚
604 2025 731 2071 Viri
760 2024 1153 2082 dilectissimi,
1190 2023 1474 2085 eandemque
1508 2022 1584 2068 be-

273 2105 579 2154 nevolentiam
611 2103 849 2148 illibatam
884 2103 1086 2158 absenti,
1120 2102 1199 2148 cui
1224 2117 1344 2146 nunc
1367 2100 1483 2144 Ceus
1513 2100 1583 2144 Si-

274 2181 482 2230 monides
515 2198 655 2226 curae
684 2188 749 2225 est
780 2181 1001 2242 ingratiis
1032 2181 1203 2234 otioso,
1239 2185 1439 2232 servate,
1486 2195 1584 2241 (lua

272 2259 487 2324 amplexi
504 2266 795 2320 praesentem
820 2259 937 2303 estis.
997 2254 1261 2303 Scribebam
1288 2263 1398 2317 post
1414 2273 1505 2317 pro
1532 2273 1582 2299 a-

272 2347 387 2384 nata
419 2353 557 2382 sacra
591 2334 871 2381 Academiae
905 2334 1066 2380 Juliae
1100 2332 1325 2378 Caroleae
1360 2349 1401 2376 a.
1426 2330 1467 2377 d.
1501 2332 1579 2378 VI.

272 2416 357 2462 cal.
391 2411 504 2478 Mas.
536 2412 990 2458 MDCCCXXXIII.
