1677 3059
661 250 724 258 -
844 218 908 267 38
1037 248 1098 256 -

229 365 499 424 heroumque
533 356 673 404 'fortia
705 358 820 406 facta
854 358 1029 416 statuit,
1078 358 1158 406 sed
1192 360 1238 408 in
1274 361 1537 410 celebrando

228 440 335 488 flore
365 441 595 504 juvenum,
631 438 806 501 gaudiis
840 439 974 497 vitae,
1011 458 1181 488 summo
1206 441 1411 490 desiderii
1446 443 1536 492 cul-

230 522 345 569 mine
379 532 420 568 et
455 537 568 584 quae
607 518 771 566 relicua
805 531 1026 567 momento
1060 522 1271 586 temporis
1304 522 1351 569 in
1383 524 1539 571 animis

232 601 457 648 hominum
479 598 733 658 excitantur,
769 599 856 647 sibi
875 599 1093 665 placuisse
1118 601 1191 660 ait,
1223 601 1341 649 unde
1363 620 1406 668 p.
1431 603 1539 653 234.

231 699 321 728 non
355 689 527 747 poterat
558 698 649 728 non
683 680 744 727 ita
785 679 1046 740 decernere,
1101 694 1150 730 ut
1183 682 1360 750 Ibyciae
1394 684 1542 750 poesis

233 761 508 809 affectionem
541 779 566 807 a
600 761 765 808 Dorica
807 762 1016 825 gravitate
1051 761 1322 830 aliquantum
1353 763 1543 826 degene-

233 861 354 890 rasse
390 841 687 888 arbitraretur.

363 925 422 970 Ut
446 921 783 992 corroboremus
817 941 891 982 ea,
938 941 1050 989 quae
1081 921 1297 983 diximus,
1347 927 1546 992 inquira-

235 1023 332 1051 mus
369 1021 548 1051 necesse
587 1013 654 1049 est
685 1003 730 1050 in
761 1023 919 1052 nexum
952 1004 1073 1051 illum
1106 1004 1404 1054 Stesichorum
1432 1008 1548 1055 inter

236 1096 277 1131 et
307 1085 507 1151 Ibycum,
570 1083 618 1131 Si
655 1095 814 1131 statum
848 1084 1071 1132 literarum
1108 1096 1149 1131 et
1175 1086 1354 1146 artium,
1403 1089 1546 1153 qualis

235 1166 282 1213 in
314 1165 549 1212 vetustiore
585 1166 772 1213 Graecia
807 1164 960 1222 fuerit,
996 1165 1348 1227 consideramus,
1393 1169 1441 1217 in
1470 1170 1547 1218 iis-

236 1246 336 1294 dem
379 1246 638 1309 regionibus
674 1246 857 1294 eandem
904 1244 1206 1293 condicionem
1251 1259 1294 1294 et
1327 1248 1548 1298 literarum

239 1339 279 1375 et
322 1327 479 1374 artium
514 1328 650 1375 fuisse
688 1327 838 1375 elucet.
927 1326 1055 1388 Quae
1098 1344 1167 1373 res
1214 1346 1324 1392 quas
1370 1348 1548 1378 caussas

238 1408 464 1464 habuerit,
509 1427 598 1455 non
630 1419 774 1475 potest
819 1425 914 1454 esse
949 1406 1200 1453 obscurum.
1291 1410 1333 1456 A
1366 1411 1549 1459 sedibus

239 1490 573 1552 distinguuntur
605 1501 758 1555 poetae
797 1488 934 1553 epici,
972 1505 1160 1552 quorum
1195 1487 1267 1534 alii
1295 1490 1550 1538 Homerico-

239 1589 337 1618 rum
371 1569 612 1617 carminum
647 1569 841 1616 indolem
887 1568 1024 1616 secuti
1060 1569 1106 1615 in
1152 1569 1261 1616 Asia
1294 1571 1463 1619 minore
1509 1584 1550 1619 et

239 1652 285 1698 in
319 1650 474 1697 insulis
509 1649 644 1696 Ioniis
676 1649 912 1707 florebant;
949 1650 997 1697 in
1032 1649 1128 1715 ipsa
1162 1669 1209 1698 se
1244 1651 1335 1698 fere
1366 1651 1551 1700 Graecia

241 1731 524 1779 continebant
547 1731 603 1788 ii,
641 1749 752 1796 quos
788 1750 813 1778 a
844 1733 984 1797 capite
1019 1730 1152 1794 hujus
1180 1742 1386 1795 tanquam
1422 1731 1551 1779 scho-

239 1814 305 1861 lae
325 1811 558 1858 Hesiodios
583 1823 752 1871 vocant,
779 1833 812 1859 v.
826 1824 1000 1879 praeter
1021 1810 1128 1857 alios
1153 1811 1387 1874 Goettling.
1412 1812 1547 1876 praef.

239 1892 418 1940 Hesiod.
451 1911 494 1957 p.
529 1894 614 1940 XII
633 1912 729 1958 sqq.
815 1892 1025 1957 Idemque
1059 1892 1104 1938 in
1139 1891 1281 1956 poetis
1315 1891 1463 1958 lyricis
1498 1893 1550 1939 li-

241 1983 307 2020 cet
340 1972 596 2031 observare,
631 1973 746 2021 velut
776 1975 824 2021 in
857 1973 1019 2021 Alcaeo
1042 1983 1083 2019 et
1104 1972 1341 2037 Sapphone
1361 1973 1548 2032 Lesbiis,

241 2053 470 2101 Simonide
505 2065 546 2101 et
571 2054 840 2122 Bacchylide
871 2055 981 2102 Ceis.
1050 2052 1186 2115 Quod
1212 2071 1341 2116 quam
1367 2052 1448 2100 late
1471 2072 1550 2119 pa-

241 2147 351 2193 teat,
387 2154 477 2182 non
511 2135 738 2181 minimum
776 2146 1079 2199 argumentum
1112 2146 1199 2191 est,
1237 2133 1357 2198 quod
1391 2133 1549 2182 horum

243 2229 496 2282 poetarum,
540 2234 651 2280 quos
688 2215 821 2262 altero
857 2215 952 2262 loco
985 2216 1138 2279 posui,
1186 2214 1420 2262 sententias
1455 2233 1549 2262 sae-

243 2299 343 2362 pius
386 2316 484 2344 cum
526 2297 725 2344 doctrina
759 2295 936 2342 Prodici
975 2296 1075 2353 Cei,
1131 2295 1271 2343 insula
1308 2294 1365 2339 oh
1404 2294 1548 2358 legum

244 2378 506 2443 probitatem
551 2389 591 2425 et
632 2377 898 2424 sanctitatem
935 2393 1105 2422 morum
1150 2377 1332 2423 maxime
1375 2377 1549 2441 conspi-

246 2478 349 2516 cua,
398 2457 676 2522 conspirare,
727 2456 792 2503 vel
834 2474 999 2522 paucae
1036 2456 1115 2505 hae
1152 2457 1307 2504 horum
1352 2456 1549 2503 triumvi-

248 2556 395 2584 rorum
429 2538 638 2603 reliquiae
670 2538 876 2594 edocent,
923 2557 958 2583 ν.
987 2537 1220 2585 Welcker⁴
1258 2537 1311 2584 de
1345 2535 1476 2583 Prod.
1503 2535 1549 2582 in

247 2620 361 2666 Mus.
400 2622 539 2668 Rhen.
580 2621 719 2677 1832,
756 2621 784 2666 I.
812 2639 853 2684 p.
877 2620 949 2667 21.
1012 2618 1131 2665 Idem
1167 2619 1361 2665 videmus
1388 2617 1432 2662 in
1455 2616 1549 2662 Ste-
