1677 3059
685 206 751 214 -.
875 178 938 227 58
1060 210 1123 218 -

248 335 360 384 quae
394 318 440 365 in
474 317 645 381 frgmm.
681 318 951 384 explicandis
979 336 1029 365 eo
1054 318 1330 383 potissimum
1358 320 1556 370 instituto

247 400 557 465 ascripsimus,
602 411 649 447 ut
685 400 738 446 de
773 398 897 466 Ibyci
931 400 1099 447 ratione
1134 403 1347 450 tractandi
1381 404 1555 452 fabulas

245 492 361 528 recte
404 481 551 527 liceret
594 479 802 544 judicare.
894 482 1006 528 Rem
1050 482 1096 528 in
1140 482 1388 530 universum
1426 485 1554 532 aesti-

245 563 381 609 manti
413 572 542 626 poeta
573 560 787 625 permulta
812 562 1051 627 arripuisse
1078 561 1299 608 videbitur
1329 581 1354 609 a
1385 564 1554 627 vulgari

246 642 363 688 fama
407 640 687 707 abhorrentia
722 654 763 689 et
807 661 929 690 nova.
1020 643 1302 707 Exponemus
1346 644 1452 691 haec
1501 662 1552 691 eo

246 721 429 780 ordine,
478 723 668 787 primum
715 735 763 771 ut
806 723 1039 789 loquamur
1078 723 1133 770 de
1176 723 1256 781 iis,
1307 743 1332 772 a
1365 743 1554 790 quorum

244 804 494 850 narratione
538 806 774 870 pependit;
831 804 965 852 altero
1000 824 1216 871 ponamus
1262 805 1384 864 loco,
1439 821 1552 869 quae

244 884 439 940 novavit3
476 884 666 949 denique
702 887 776 949 qui
816 886 940 953 Ibyci
974 888 1273 935 auctoritatem
1303 888 1441 934 secuti
1465 887 1554 934 sint

244 966 481 1031 scriptores
515 983 830 1013 enumeremus.

372 1048 573 1113 Hymnus
618 1047 878 1094 Homericus
911 1047 959 1093 in
1004 1049 1220 1095 Venerem
1254 1048 1302 1094 in
1349 1048 1549 1095 consoci-

244 1128 373 1176 andis
401 1126 659 1194 Ganymede
694 1138 733 1173 et
757 1127 948 1174 Tithono
983 1146 1134 1174 ansam
1165 1128 1338 1175 videtur
1360 1128 1552 1187 dedisse,

243 1228 280 1256 V.
316 1209 444 1272 frgm.
481 1210 532 1254 V.
601 1207 844 1254 Hesiodum
881 1209 1080 1272 sequitur
1113 1209 1241 1272 frgm.
1273 1211 1339 1265 X3
1374 1208 1420 1255 in
1454 1209 1555 1255 Mo-

243 1290 509 1338 lionidarum
543 1287 686 1352 figura
724 1300 764 1335 et
798 1300 960 1345 matre,
997 1289 1125 1352 frgm.
1162 1292 1342 1337 XXVII.
1413 1289 1557 1356 Cycli-

245 1389 397 1419 corum
430 1371 611 1433 vestigia
644 1381 871 1436 poetarum
906 1372 1122 1435 pressisse
1153 1372 1328 1437 saepius
1357 1370 1554 1428 videtur3

241 1451 455 1502 Leschem
489 1450 650 1516 probat
686 1452 813 1514 frgm.
849 1451 965 1496 XVI.
1060 1452 1126 1498 Ex
1173 1453 1347 1519 Cypriis
1393 1452 1556 1499 Stasini

243 1533 429 1580 forsitan
464 1532 619 1579 hausta
656 1544 802 1588 crant,
859 1550 970 1595 quae
1004 1532 1244 1579 tradiderat
1280 1533 1334 1580 de
1369 1536 1556 1581 Cassan-

245 1614 348 1671 dra,
384 1633 421 1660 v,
459 1614 600 1661 Procl.
637 1633 677 1679 p.
703 1613 842 1668 Vm,
882 1613 1007 1675 cujus
1030 1631 1191 1659 nomen
1213 1615 1403 1661 Homero
1428 1615 1556 1677 igno-

243 1707 335 1742 tum
379 1695 516 1741 fuisse
562 1705 771 1741 annotant
816 1693 977 1740 Scholl.
1018 1694 1180 1740 Victor.
1219 1694 1276 1741 ad
1309 1695 1356 1742 Il.
1393 1696 1555 1753 XXIV,

246 1779 353 1825 699.
437 1777 590 1839 Neque
631 1776 815 1842 Ibycum
861 1774 1053 1822 debebat
1086 1777 1429 1839 praetermittere
1469 1777 1556 1824 Lo-

244 1858 367 1906 beck.
391 1855 609 1920 Aglaoph.
634 1856 667 1913 I,
690 1875 732 1921 p.
756 1858 880 1914 269„
914 1874 1057 1921 neque
1084 1856 1397 1915 Stesichorum,
1427 1876 1557 1922 quem

246 1940 416 1986 facinus
451 1938 600 2002 Ajacis
646 1936 762 1984 Oilei
806 1956 1169 1985 commemorasse
1204 1939 1250 1984 in
1285 1945 1415 1985 Ἰλίου
1451 1957 1556 2000 περ-

245 2025 363 2084 σιδι,
422 2017 555 2066 fidem
590 2018 693 2064 facit
735 2018 884 2066 tabula
918 2020 1060 2066 Iliaca.
1151 2019 1383 2066 Praeterea
1426 2038 1462 2065 v.
1500 2019 1558 2066 ad

244 2102 371 2164 frgm.
408 2102 506 2147 XX.
584 2101 626 2147 A
659 2099 900 2147 Stesichori
935 2099 1262 2147 narrationibus
1306 2099 1558 2147 fabularum

244 2200 375 2247 saepe
393 2199 576 2228 numero
599 2181 767 2228 stetisse
790 2192 1131 2228 consentaneum
1154 2192 1231 2237 cst,
1256 2181 1386 2228 veluti
1407 2182 1453 2229 in
1471 2184 1559 2229 He-

245 2276 387 2321 ctore,
425 2263 514 2309 filio
541 2262 785 2327 Apollinis,
823 2261 952 2324 frgm.
974 2263 1102 2320 XIV3
1140 2262 1204 2310 cll.
1233 2264 1359 2326 srgm.
1386 2264 1546 2309 XXIII.

373 2344 507 2392 Plura
541 2356 667 2402 sunt,
708 2360 820 2408 quae
851 2361 1034 2390 novasse
1069 2356 1200 2410 poeta
1235 2344 1465 2407 Rheginus
1494 2343 1560 2390 vel

247 2427 422 2476 disertis
457 2426 716 2473 testimoniis
749 2425 962 2483 traditur,
999 2426 1064 2473 vel
1096 2428 1269 2490 ignotos
1301 2425 1432 2473 nobis
1461 2424 1560 2471 fon-

246 2521 310 2556 tes
335 2520 510 2557 secutus
531 2506 882 2574 repraesentavit.
934 2506 1040 2556 Illuc
1067 2519 1233 2575 spectat
1259 2508 1386 2571 srgm.
1413 2506 1561 2552 XVIII

248 2588 304 2636 de
337 2590 498 2639 Medea
535 2601 576 2639 et
608 2588 778 2639 Achille
812 2588 860 2636 in
892 2589 1045 2658 Elysio
1081 2590 1354 2659 conjugatis:
1405 2587 1463 2636 ad
1497 2585 1560 2635 al-
