1677 3059
539 193 969 240 -129-

97 341 365 399 πορφυρίωνι
404 340 451 383 ἑν
495 335 647 398 σκότῳ
691 332 1057 398 καταδυόμενος,
1107 336 1184 381 ἵνα
1229 337 1294 394 μή
1341 356 1405 389 τις

97 419 246 465 αὐτόν
285 415 543 474 θεάσηται.
586 417 818 475 ἐχθραίνει
856 415 948 475 γὰρ
993 415 1101 465 τοὺς
1143 419 1405 477 προςιόντας

97 500 248 544 αὐτοῦ
279 498 341 557 τῇ
375 499 541 559 τροφῇ.
617 493 748 542 Unde
783 506 965 558 apparet
998 513 1119 543 avem
1154 496 1290 546 fuisse
1323 499 1401 546 do-

96 575 347 635 mesticam,
399 596 528 643 quam
573 594 662 623 non
700 584 871 640 poterat
912 574 1073 641 Ibycus
1110 576 1255 627 dicere
1297 599 1401 628 con-

96 656 265 704 sedisse
310 657 357 705 in
402 658 582 705 summis
630 653 876 703 arboribus.
965 656 1056 702 Nos
1103 657 1238 720 igitur
1279 673 1400 709 utro-

95 755 181 802 que
215 737 312 785 loco
361 738 644 785 rescribimus
680 739 1041 796 οἷλιπορφυρίδες.
1119 739 1169 785 In
1202 741 1397 791 Alcman,

93 816 221 881 frgm.
257 818 352 865 XII.
385 816 567 864 Welck.
605 815 804 883 cerylus‚
851 815 927 880 qui
962 834 1054 862 mas
1090 828 1154 865 est
1187 820 1397 889 alcyonis‚

93 896 169 945 cfr.
207 896 366 944 Scholl.
402 898 479 945 Ar.
514 898 619 944 Avv.
656 900 778 954 300,
815 895 938 943 audit
970 900 1278 964 ἁλιπόρφυρος
1306 909 1396 952 εἴα-

91 995 166 1040 ρος
201 977 330 1040 ὅρνις.
399 976 530 1024 Unde
564 995 700 1041 quum
734 976 965 1023 verisimile
999 978 1055 1023 sit
1089 982 1278 1044 speciem
1306 987 1394 1034 avis

88 1057 204 1106 illius
236 1076 259 1104 3
296 1057 440 1105 colore
471 1075 631 1104 nomen
666 1056 843 1123 duxisse
867 1075 1010 1122 neque
1034 1077 1122 1106 non
1144 1060 1394 1115 distinxisse

89 1150 218 1204 poeta
270 1138 468 1186 videatur
513 1139 626 1185 inter
673 1136 876 1204 alcyones
932 1149 973 1185 et
1016 1143 1391 1209 αλιπορφυρίδας,

89 1219 366 1285 transpositis
400 1218 623 1266 vocabulis
652 1216 936 1264 scribendum
964 1221 1274 1285 proponimus:
1311 1230 1392 1272 ἀλ-

88 1300 241 1350 κυόνες
273 1305 325 1346 θ’
349 1302 698 1362 ἁλιπόρφυρίδές
735 1316 785 1345 τε
817 1301 1100 1362 τανύπτεροι.
1167 1305 1275 1351 Nam
1311 1307 1390 1355 hac

87 1379 254 1437 forma,
290 1398 380 1426 non
413 1386 734 1442 τανυσίπτερος
772 1397 879 1426 usus
907 1392 1036 1444 poeta
1071 1394 1135 1429 est
1168 1384 1293 1448 frgm.
1317 1389 1388 1434 ΠΙ.

89 1457 356 1524 Quanquam
390 1479 480 1507 non
514 1460 743 1525 scripsisse
768 1459 827 1506 ita
851 1460 1142 1521 defendimus,
1178 1467 1257 1513 sed
1293 1479 1389 1532 pot-

86 1541 204 1588 uisse
239 1541 482 1605 opinamur.
520 1569 582 1577 —-
648 1544 753 1587 Ἐπ’
792 1543 1100 1601 ἀκροτάτοισι.
1154 1544 1260 1592 Cod.
1297 1549 1376 1595 Pal

84 1619 449 1684 ἑπακροτατοισί
469 1620 662 1686 junctim.
752 1626 969 1670 Ξανθοῖσι
1003 1622 1155 1686 vulg03
1206 1627 1299 1673 cod.
1337 1631 1386 1675 B.

83 1705 301 1767 ξανθίαι,
336 1702 479 1749 Boiss.
505 1704 772 1766 ξανθοῖσιν,
809 1702 883 1767 qui
908 1703 1076 1767 primus
1101 1704 1276 1769 quidem
1299 1727 1388 1755 me-

83 1796 152 1832 tra
180 1783 432 1832 describere
464 1793 644 1830 conatus
680 1794 768 1841 est,
823 1783 902 1830 sed
934 1794 982 1830 ut
1018 1802 1168 1833 versus
1203 1807 1386 1853 prorsus

83 1871 306 1930 ἀμέτρους
332 1863 556 1913 effinxerit.
634 1864 765 1910 Metri
799 1863 939 1927 gratia
969 1866 1245 1929 reposuimus
1282 1872 1388 1918 ξαν-

83 1954 211 2010 θοῖς,
259 1945 360 1994 licet·
394 1944 535 1992 omnis
569 1944 801 2007 fragmenti
836 1944 1080 1992 emendatio
1114 1947 1276 1995 incerta
1306 1949 1386 1996 ssu-

84 2038 210 2076 ctuet.
239 2057 277 2066 —
345 2030 388 2072 2.
417 2031 630 2074 Ποικίλαι
661 2031 918 2078 πανέλοπες.
974 2027 1322 2093 Transponenda
1347 2043 1387 2077 et

82 2109 190 2155 haec
224 2105 435 2154 vocabula
475 2123 655 2163 censeo,
700 2105 799 2153 licet
839 2105 944 2154 alias
990 2125 1079 2154 non
1122 2127 1387 2175 magnopere

81 2189 249 2236 faveam
284 2185 531 2234 decantatae
565 2186 667 2233 huic
704 2205 946 2251 panaceae‚
994 2207 1081 2252 quo
1111 2200 1247 2236 metro
1282 2190 1386 2237 ada-

81 2278 281 2333 ptentur,
319 2266 388 2313 cui
420 2267 479 2314 ita
509 2268 827 2326 succurrimus,
871 2279 918 2314 ut
947 2276 1245 2325 παμποικίλοι
1279 2272 1385 2317 scri-

80 2348 250 2395 bamus.
318 2348 387 2394 De
426 2347 637 2412 penelope
669 2349 759 2405 avi,
796 2346 913 2394 unde
947 2348 1192 2414 Penelopae
1226 2369 1384 2396 nomen

79 2429 269 2476 inditum
299 2426 449 2474 volunt
482 2427 623 2474 Tzetz.
656 2427 875 2493 Lycophr.
911 2430 1033 2485 792,
1068 2429 1230 2477 Minue.
1261 2432 1384 2495 Apu-

79 2508 148 2574 lej.
187 2509 240 2556 de
276 2507 469 2571 orthogr.
504 2527 546 2573 p.
584 2508 625 2553 9.
664 2507 856 2567 Osann,
905 2527 1015 2574 quae
1049 2522 1113 2556 est
1148 2530 1197 2558 ex
1226 2529 1384 2573 genere

79 2600 282 2648 anatum,
328 2588 426 2635 vide
465 2588 643 2636 Aristot.
686 2588 774 2635 hist
821 2590 948 2637 anim.
986 2591 1112 2647 VIII,
1145 2595 1199 2650 5,
1227 2592 1294 2648 8.,
1342 2612 1383 2657 p.

1083 2672 1112 2717 9
