1677 3059
121 331 296 381 sichoro
330 343 372 381 et
403 332 568 400 Ibyc0‚
613 352 703 383 non
736 331 821 381 illis
858 331 1038 397 quidem
1075 333 1273 398 ejusdem
1310 338 1431 387 urbis

120 412 316 473 civibus,
370 415 450 463 sed
493 434 543 464 ex
590 413 836 463 civitatibus
874 424 1019 462 tamen
1064 414 1428 466 Chalcidensibus

116 493 334 552 oriundis,
367 495 467 544 licet
494 497 668 562 utrique
693 496 882 543 Doricae
913 506 1064 558 gentes
1089 495 1303 544 admixtae
1330 499 1425 546 fue-

112 574 214 622 rint.
306 576 546 624 Stesichori
577 588 722 624 tamen
757 576 905 641 poesis
940 587 983 623 et
1015 577 1113 641 ipsa
1147 577 1314 625 Italiam
1344 597 1423 644 pa-

110 656 238 703 triam
272 657 443 704 videtur
475 656 707 716 habuisse,
743 656 820 722 qui
854 674 1014 719 genere
1039 659 1316 707 Metaurinus
1351 661 1421 708 su-

107 733 197 782 isse
233 736 424 795 dicatur,
460 755 496 783 v.
521 736 672 803 Steph.
695 738 804 804 Byz.
839 754 874 784 s.
905 755 942 784 v.
979 740 1238 801 Ματαυρός.
1301 751 1418 800 Στη-

105 824 285 879 σι’κορος
317 818 550 878 Εὐφήμου
570 821 636 882 13)
672 827 806 882 παῖς,
861 826 1152 880 Ματαυρῖνος
1183 824 1309 880 γένος
1317 856 1336 884 ,
1388 826 1415 871 0‘

102 898 196 945 τῶν
226 898 375 961 μελῷν
406 898 622 955 ποιητήςε
655 897 779 945 Suid.
815 916 849 946 s.
880 917 918 946 v.
951 906 1250 963 Στησίχοροςε
1288 906 1332 948 οἱ
1365 908 1415 949 δὲ

99 978 198 1027 ἀπὸ
229 982 484 1040 Μεταυρίοις
517 981 598 1037 τῆς
627 984 676 1027 ἐν
709 985 907 1044 Ἰταλίᾳ,
961 979 1052 1026 scil.
1093 980 1299 1029 Catanam
1339 1001 1411 1031 ve-

97 1059 218 1106 nisse
250 1058 412 1106 volunt.
480 1059 580 1106 Non
615 1059 770 1124 procul
801 1078 827 1106 a
851 1061 1024 1124 Rhegio
1047 1062 1276 1123 Metaurus
1302 1063 1407 1123 fuit;

95 1138 215 1187 Mela
235 1140 290 1198 H,
312 1141 356 1188 4.
393 1141 466 1187 »In
489 1141 660 1188 Bruttio
685 1152 788 1187 sunt
810 1140 1012 1190 columna
1034 1142 1253 1205 Rhegina‚
1286 1143 1406 1192 Rhe-

96 1219 242 1282 gium,
277 1219 447 1288 Scylla,
480 1221 715 1278 Taurium,
753 1222 1000 1269 Metaurum
1015 1245 1051 1279 ,κ
1088 1223 1152 1269 cll.
1193 1224 1402 1272 Morisan.

93 1300 252 1349 Inscrr.
288 1302 444 1365 Regin.
477 1321 520 1368 p.
554 1304 628 1350 91.
678 1302 943 1349 Habendum
966 1302 1100 1365 igitur
1120 1303 1333 1369 oppidum
1356 1304 1403 1350 in

91 1380 148 1429 iis
168 1381 354 1442 videtur,
385 1402 496 1449 quae
515 1384 732 1447 Rheginis
753 1390 963 1446 περίοικα
983 1384 1119 1441 fuere,
1151 1383 1226 1431 cfr.
1252 1383 1397 1431 Strab.

90 1462 164 1510 VI.
199 1481 244 1528 p.
277 1465 386 1516 258.
424 1464 520 1512 Cas.
565 1471 811 1528 περιοικίας
842 1469 947 1519 ἔσχε
981 1467 1182 1528 συχνάς,
1245 1464 1396 1529 quales

88 1561 137 1592 se
169 1562 260 1591 non
290 1562 422 1592 nosse
457 1544 565 1592 dixit
592 1544 703 1592 Rad.
736 1544 934 1593 Rochett.
966 1544 1063 1592 hist.
1101 1544 1179 1593 col.
1217 1546 1292 1592 Gr.
1319 1546 1392 1592 Ill.

85 1643 130 1690 p.
152 1625 260 1673 281.
295 1655 358 1664 -
407 1626 499 1672 Aut
519 1624 654 1688 igitur
675 1638 876 1692 parentes
904 1625 1142 1673 Stesichori
1166 1638 1239 1674 aut
1263 1638 1393 1693 poeta

84 1705 183 1771 ipse
228 1724 280 1754 ex
320 1705 443 1754 Italia
486 1718 756 1754 secesserant
798 1708 1019 1754 Himeram
1063 1709 1217 1772 paucis
1264 1709 1390 1755 annis
1446 1724 1449 1727 ·

81 1797 184 1834 ante
216 1785 381 1834 natales
408 1786 549 1852 ipsius
571 1787 814 1846 conditam,
851 1786 920 1834 Ol.
947 1788 1133 1848 XXXII,
1154 1793 1216 1848 4.,
1250 1789 1388 1836 Thuc.

137 1956 207 2004 13)
234 1956 401 1994 Eundem
421 1959 514 1995 inter
540 1960 627 1995 alios
655 1967 839 2007 parentem
867 1960 996 1996 Suidas
1023 1961 1204 1996 nominat:
1243 1958 1279 1993 in
1309 1959 1386 1994 Eu-

206 2023 299 2059 elide
319 2026 544 2061 consentiunt
565 2032 728 2061 auctores
751 2026 821 2060 fide
843 2026 951 2074 digni.
1003 2027 1187 2071 Quorsum
1207 2024 1384 2071 Eupheml

206 2100 340 2125 nomen
380 2098 535 2138 spectet,
578 2091 758 2140 neglectus
786 2090 845 2126 hic
872 2091 1032 2125 Platonis
1064 2090 1164 2126 locus
1199 2089 1383 2124 Kleinium

205 2160 345 2200 poterat
370 2155 520 2200 docere,
545 2156 699 2191 Phaedr.
725 2170 759 2204 p.
778 2154 869 2193 244.
892 2155 959 2199 A.,
989 2156 1029 2192 ὃν
1050 2158 1162 2203 μέλλω
1186 2156 1294 2201 λέγειν
1315 2154 1381 2200 (sc.

207 2215 327 2265 λόγον)
360 2220 587 2270 Στησιχόρου
615 2222 677 2258 τοῦ
701 2220 877 2270 Εὐφήμου
905 2220 1092 2270 Ἱμεραίου.
1170 2222 1318 2261 Λεκτέος
1344 2221 1382 2256 δὲ

207 2273 294 2323 ὦδε,
320 2280 393 2326 ὅτι,
419 2285 483 2323 οὔκ
509 2285 577 2324 ἔστ’
604 2290 727 2336 ἔτυμος
751 2287 876 2334 λόγος,
916 2300 1007 2334 quae
1041 2301 1082 2321 ex
1109 2285 1289 2333 palinodia
1319 2298 1380 2318 ex-

207 2355 328 2395 cerpta
354 2357 457 2394 sunt,
484 2365 515 2385 v.
543 2353 661 2387 Klein.
716 2354 810 2388 Nam
829 2367 939 2401 quum
963 2353 1136 2388 Helenam
1161 2358 1263 2385 antea
1290 2362 1379 2385 con-

205 2414 305 2449 viciis
320 2415 557 2462 proscidisset,
585 2418 696 2453 oculis
721 2428 843 2466 captus
863 2419 1063 2453 retractavit
1082 2430 1172 2464 quae
1194 2414 1379 2449 effuderat.

205 2479 264 2514 De
288 2493 362 2527 qua
388 2493 426 2515 re
457 2494 566 2528 quum
593 2495 710 2518 sermo
733 2485 936 2527 incidisset,
964 2484 1100 2529 jocatus
1120 2481 1284 2515 Socrates
1309 2493 1378 2514 no-

206 2557 290 2579 rnen
316 2546 471 2592 parentis
500 2545 656 2582 Euclidis
685 2548 879 2585 immutavit
908 2549 976 2591 ita,
1020 2555 1057 2581 ut
1084 2547 1146 2581 filii
1174 2546 1377 2581 eondicioni

209 2621 410 2659 congruens
439 2618 537 2646 esset.
