1677 3059
543 159 980 242 -137—

116 335 280 398 Odyss.
303 336 416 383 VIH.
442 335 547 383 510.
592 332 841 382 Menelaum
863 334 1017 382 cecinit
1038 352 1136 382 cum
1158 334 1285 383 Ulixe
1307 335 1413 382 Dei-

114 417 252 482 phobi
284 417 412 464 aedes
448 433 701 481 aggressos;
737 415 775 462 ei
812 415 927 462 enim
948 427 1120 463 mortuo
1143 415 1304 463 Paride
1331 434 1414 462 nu-

115 497 256 562 psisse
288 498 534 556 serebatur,
587 516 623 543 v.
663 495 784 543 Iliad.
820 514 938 562 parv.
973 516 1039 563 ap.
1073 497 1213 545 Procl.
1244 517 1285 564 p.
1322 499 1414 556 36„

115 579 303 627 Nitzsch.
345 579 471 626 Hom.
518 579 603 626 Od.
639 579 714 636 IV,
749 579 857 625 271.
913 578 993 624 Cui
1027 579 1263 627 narrationi
1310 600 1415 629 con-

116 677 278 722 gruens
325 671 388 708 est
424 659 544 724 quod
578 658 710 706 habet
747 657 897 720 Quint.
934 659 1107 726 Smyrn.
1142 662 1270 722 XIII,
1307 663 1414 711 354.

116 752 332 806 repertam
355 758 449 788 esse
478 739 702 806 Deiphobi
735 740 781 786 in
813 738 997 786 aedibus
1029 741 1161 805 ipsis,
1199 743 1274 789 cfr.
1300 744 1415 791 Dict.

119 821 228 868 Cret.
254 823 308 880 V,
337 822 430 879 12,
467 821 614 884 itaque
645 831 792 866 narrat
822 838 913 866 rem
938 820 1031 886 ipse
1061 821 1322 887 Deiphobus
1347 839 1419 889 ap.

116 902 235 964 Virg.
269 902 379 948 Aen.
416 901 490 959 VI,
529 901 645 957 510,
699 900 768 947 cui
803 898 899 946 loco
932 919 1022 948 non
1057 912 1122 949 est
1156 903 1315 949 mirum
1348 921 1417 949 re-

113 1000 312 1046 pugnare
348 982 456 1028 Aen.
493 981 548 1038 II,
584 982 690 1028 567.
726 980 804 1027 ubi
836 981 882 1026 in
918 981 1075 1028 sacello
1116 985 1274 1031 Vestae
1317 982 1420 1033 latet

116 1061 266 1108 abdita
299 1062 533 1128 Tyndaris.
623 1062 674 1108 In
707 1060 856 1108 tabula
889 1061 1017 1109 Iliaca
1053 1081 1076 1109 a
1113 1063 1261 1111 dextra
1295 1077 1420 1130 parte

119 1154 339 1208 comparet
374 1142 581 1208 templum
616 1143 824 1199 Veneris,
882 1155 978 1189 ante
1016 1144 1137 1208 quod
1171 1144 1328 1192 mulier
1362 1146 1418 1193 ab

118 1223 235 1281 viro,
282 1224 356 1288 qui
389 1222 584 1270 crinibus
610 1241 788 1271 manum
823 1223 1063 1288 implicuit,
1108 1224 1288 1291 abrepta
1315 1245 1420 1292 sup-

117 1303 216 1368 plex
241 1303 299 1350 ad
332 1306 572 1362 Venerem,
620 1323 782 1352 numen
815 1304 989 1351 Paridis
1025 1305 1229 1364 tutelare‚
1281 1307 1422 1355 tendit

118 1402 285 1432 manus.
364 1386 464 1433 Non
494 1397 637 1452 potest
667 1385 861 1432 dubitari
895 1385 1001 1450 quin
1036 1386 1224 1435 Menelai
1254 1389 1300 1435 in
1334 1389 1422 1436 He-

119 1464 261 1511 lenam
295 1464 361 1512 ira
392 1477 767 1532 repraesentetur,
810 1484 846 1512 v.
887 1466 1106 1528 Tychsen.
1143 1468 1339 1533 prolegg.
1375 1470 1423 1517 in

121 1543 273 1606 Quint.
308 1544 480 1612 Smyrn.
513 1565 555 1611 p.
587 1546 763 1593 LXXII.
845 1545 1071 1593 Dubitavit
1105 1557 1249 1595 tamen
1285 1549 1330 1596 C.
1367 1551 1420 1598 G.

118 1623 334 1672 Mueller(
352 1624 406 1672 de
442 1626 547 1694 cycl.
584 1627 707 1692 epico
736 1625 965 1690 poetisque
989 1626 1095 1690 cycl.
1120 1645 1162 1692 p.
1189 1628 1319 1689 171.‚
1353 1650 1423 1679 re-

122 1705 311 1770 spiciens
337 1706 407 1754 ille
433 1706 672 1770 Quintum3
710 1707 790 1755 sed
812 1707 1023 1754 Leschem
1047 1708 1296 1772 suspicatur
1322 1730 1424 1758 nar-

121 1803 242 1833 rasse
275 1788 490 1836 inventam
526 1789 572 1836 in
607 1789 769 1854 templo
804 1788 1000 1835 Veneris.
1074 1787 1220 1850 Quam
1252 1791 1424 1855 opinio-

122 1884 222 1914 nem
256 1869 359 1916 satis
395 1868 465 1917 hic
501 1870 699 1917 convellit
735 1870 856 1917 locus
897 1868 1041 1916 Schol.
1078 1869 1238 1927 Arist,
1294 1889 1425 1936 quem

124 1949 414 2010 praetermisit
447 1950 686 1999 Muellerus
719 1952 833 1998 inter
867 1948 1081 2016 permulta
1115 1948 1209 1999 alia.
1225 1952 1294 2014 32)
1374 1952 1426 1999 In

184 2136 252 2183 32)
288 2137 483 2186 Redarguit
515 2138 611 2173 idem
648 2138 768 2174 Schol.
807 2138 964 2184 ejusdem
1003 2137 1168 2172 Muelleri
1204 2138 1427 2182 sententiam,

261 2214 368 2248 quam
394 2217 429 2250 p.
451 2204 538 2240 102.
566 2205 734 2251 prodidit,
764 2204 824 2251 qui
852 2205 894 2238 ab
923 2202 1179 2249 antiquioribus
1198 2203 1428 2250 scriptoribus

260 2279 444 2312 nunquam
466 2268 509 2301 ad
525 2268 697 2303 Leschem
708 2269 874 2303 Lesbium
896 2282 1039 2314 parvam
1062 2268 1208 2302 Iliadem
1228 2269 1353 2302 referri
1374 2268 1429 2303 af—

262 2331 389 2366 firmet.
443 2331 551 2366 Insuit
577 2340 694 2367 autem
721 2334 878 2367 narratio
906 2333 1062 2374 Leschis,
1090 2333 1230 2380 opinor,
1261 2328 1428 2369 ir1''12[ov

263 2397 408 2444 περσίδι.
472 2396 566 2431 Nam
600 2411 710 2443 quum
740 2412 795 2445 ap.
833 2397 950 2432 Proel.
989 2398 1068 2431 Ilias
1098 2411 1205 2444 parva
1246 2411 1356 2445 usque
1385 2399 1429 2434 ad

264 2474 395 2507 equum
424 2461 516 2495 intra
544 2463 685 2496 moenia
713 2470 895 2510 receptum
919 2462 1132 2509 porrigatur,
1159 2462 1337 2497 verissime
1360 2471 1432 2498 sta-

264 2526 329 2560 tuit
358 2525 483 2559 Plehn.
512 2526 670 2560 Lesbiae.
700 2541 734 2573 p.
759 2527 846 2563 140.
875 2540 1003 2573 parvae
1032 2526 1150 2560 Iliadis
1178 2534 1314 2573 partem
1344 2528 1433 2563 alte-

264 2603 343 2626 ram
375 2590 428 2625 vel
457 2590 759 2626 continuationem
790 2592 896 2626 fuisse
924 2590 1032 2626 Ἰλίου
1062 2592 1226 2640 περσίὸα,
1270 2604 1361 2639 quae
1389 2595 1433 2628 ab
