1677 3059
558 217 622 226 -
763 195 792 239 5
930 218 995 227 -

120 327 444 393 epigrammatis
464 328 511 376 in
525 329 687 377 'novem
711 327 924 394 Lyricos,
963 328 1085 393 quod
1121 348 1145 377 a
1172 329 1301 377 Zach.
1335 332 1432 380 Cal-

117 407 255 471 liergo
275 409 466 473 primum
489 410 711 474 vulgatum
733 407 892 472 legitur
915 426 981 474 ap.
1008 410 1156 456 Ursin.
1183 411 1227 457 in
1254 412 1424 475 srgmm.

116 500 247 553 poett.
277 489 356 556 lyr.
383 509 425 556 p.
451 492 542 549 62,
572 489 762 537 Boeckh.
795 488 954 536 Scholl.
991 489 1118 536 Pind.
1145 491 1268 538 Tom.
1295 493 1350 550 Π,
1378 495 1420 552 1,

114 587 158 634 p.
193 573 262 626 8.,
310 569 541 618 W'elcker.
571 569 676 637 Syll.
710 570 976 634 Epigramm.
1015 590 1057 635 p.
1095 574 1202 621 278.
1240 574 1419 640 quidam

112 649 289 697 Eelidas
324 650 459 699 literis
498 652 780 715 consignatus
817 662 905 706 cst,
942 668 978 695 v.
1020 652 1060 696 9.
1098 653 1169 699 10.

235 732 404 795 Ἴβυκος
435 734 606 783 Ἰταλὸς
637 724 700 779 αὖ
732 737 783 778 ἐκ
817 735 1004 792 Ῥηγίου
1038 736 1090 789 ἠέ
1124 737 1348 800 Μεσήνης,

325 817 498 859 Ἠελίδοε
530 815 704 874 πατρὸς
714 849 732 875 ‚
767 818 952 875 Δωρίδα
987 819 1026 860 δ’
1065 815 1318 875 ἡρμόσατο.

108 891 277 940 Eadem
311 891 614 958 appellationis
660 892 953 960 discrepantia
1000 894 1192 941 cernitur
1241 897 1286 942 in
1333 916 1411 963 pa-

106 974 306 1022 rentibus
344 973 528 1021 aliorum
551 985 779 1039 poctarum
807 987 1021 1032 veterum,
1058 993 1297 1042 eorumque
1320 997 1412 1025 ma-

104 1055 218 1104 xime
251 1055 518 1123 lyricorum,
555 1065 604 1102 ut
639 1055 686 1101 in
722 1054 998 1120 Sapphonis,
1036 1055 1298 1114 Stesichori,
1343 1058 1411 1104 di-

101 1137 362 1184 versissimis
398 1155 448 1184 ex
483 1135 648 1183 caussis
683 1137 897 1198 originem
931 1136 1111 1184 habens.
1187 1137 1242 1184 Et
1276 1137 1409 1205 Poly-

102 1217 221 1266 zelus
257 1217 434 1282 quidem
461 1215 710 1262 Messenius
737 1234 826 1262 uno
857 1216 939 1264 hoc
966 1217 1129 1264 Suidae
1160 1219 1407 1265 testimonio

102 1310 362 1348 consecutus
397 1307 487 1355 est,
540 1306 589 1342 ut
622 1297 667 1343 in
702 1297 1010 1345 historicorum
1055 1298 1254 1345 ordinem
1288 1299 1405 1346 inse-

101 1390 270 1426 reretur
311 1397 337 1425 a
376 1377 536 1424 Vossio
573 1376 627 1424 de
673 1377 778 1424 hist:
818 1378 894 1424 Gr.
931 1396 974 1444 p.
1014 1379 1144 1438 196.‚
1204 1378 1403 1426 Clintone

99 1460 214 1507 fastt.
244 1457 354 1506 Hell.
388 1476 431 1524 p.
467 1458 587 1516 381,
620 1458 664 1506 4.
700 1458 891 1520 Krucg.‚
928 1457 1035 1504 aliis.
1122 1457 1211 1521 Qui
1246 1460 1284 1507 si
1318 1459 1402 1507 fuit

97 1539 331 1588 historicus
364 1538 569 1604 idemque
604 1550 729 1605 pater
748 1538 898 1606 Ibyci,
931 1539 977 1586 in
1005 1557 1099 1586 eam
1130 1558 1309 1587 necesse
1334 1551 1400 1587 est

93 1621 296 1669 inciderit
329 1631 535 1678 aetatem,
571 1639 658 1685 qua
687 1621 735 1667 in
765 1619 873 1667 Asia
903 1620 1072 1667 minore
1107 1631 1149 1668 et
1177 1622 1223 1668 in
1242 1620 1398 1669 insulis

91 1701 225 1748 maris
258 1702 370 1749 Ionii
414 1701 620 1748 historiae
655 1701 999 1749 conscribendae
1034 1701 1281 1750 rudimenta
1315 1721 1396 1768 po-

92 1794 274 1830 suerunt
309 1783 500 1830 Cadmus
535 1782 757 1839 Milesius,
801 1783 985 1846 Eugeon
1017 1782 1215 1839 Samius,
1259 1782 1395 1829 Deio-

93 1863 200 1910 chus
234 1864 553 1923 Proconesius,
598 1882 700 1911 nam
737 1863 791 1910 de
827 1863 1062 1926 Theogene
1095 1862 1300 1925 Rhegino
1326 1863 1394 1908 in-

92 1957 209 1992 certa
232 1945 346 1992 fama
367 1957 454 2003 est,
489 1943 785 2008 Logographi.
856 1943 946 1992 Sed
968 1945 1051 1991 hoc
1079 1960 1240 1991 novum
1261 1941 1392 2007 plane

93 2037 135 2072 et
173 2025 444 2085 inauditum,
498 2025 543 2072 in
580 2024 749 2071 Graeca
785 2025 1030 2082 Messenia,
1082 2041 1194 2090 quae
1227 2021 1393 2070 Dorica

217 2209 324 2253 φθεὶς
349 2208 387 2242 δὲ
416 2205 483 2243 ’ὑπὸ
513 2207 642 2250 λῃστῶν
669 2207 725 2242 ἐπὶ
748 2207 909 2255 ἐρημίας,
949 2204 1014 2241 κᾶν
1041 2204 1101 2246 wig
1127 2203 1312 2253 γεράνους,
1347 2201 1389 2243 ἃς

216 2273 333 2314 ἔτυχεν
354 2271 632 2320 ὑπερίσττασθαι,
659 2272 814 2314 ἐκδίκους
839 2273 1006 2318 γενέσθαι
1030 2271 1114 2316 (scr.
1137 2268 1388 2316 γειήσεσθαι)·

216 2342 274 2374 καὶ
299 2335 400 2378 αὐτὸς
424 2341 485 2383 μὲν
510 2335 691 2386 ἀνῃρέθη.
728 2338 812 2385 μετὰ
842 2338 880 2373 δὲ
908 2336 1014 2373 ταῦτα
1040 2336 1103 2372 τῶν
1126 2335 1255 2379 λῃστῶν
1280 2331 1330 2374 εἷς
1357 2335 1391 2368 ἐι·

214 2403 255 2446 τῇ
282 2400 376 2437 πόλει
402 2402 564 2450 γεράνους
592 2403 813 2451 θεασάμενος
839 2405 930 2449 ἔφη·
961 2404 1033 2442 ἰδὲ,
1065 2405 1102 2437 αἱ
1129 2399 1271 2446 Ἰβύκου
1301 2399 1390 2434 ἔκδι-

214 2481 290 2502 κοι.
337 2464 546 2508 ἀκούσαντος
581 2470 619 2504 δέ
653 2484 741 2511 τινος
769 2475 830 2505 παὶ
857 2466 1101 2508 ἐπεξελθόιτος
1142 2465 1187 2512 τῷ
1215 2464 1391 2511 εἰρημένῳ,

214 2532 253 2568 26
278 2530 416 2578 72701'63
437 2530 676 2578 ὡμολογήθη.
707 2539 764 2570 καὶ
794 2537 891 2575 δίκας
920 2533 1051 2568 ἔδωκαν
1078 2536 1112 2565 οἱ
1137 2532 1268 2574 λῃσταί.
1325 2527 1396 2569 “.Ω.ς

214 2599 252 2634 ἐκ
274 2596 397 2635 τούτου
424 2597 482 2642 τήν
504 2602 689 2647 παροιμίαν
714 2602 902 2647 γενέσθαι·
954 2601 1001 2633 Αἱ
1027 2594 1168 2642 Ἰβύκου
1193 2595 1342 2643 γέρανοι.
