1677 3059
703 240 768 247 ——
878 212 972 257 130
1076 238 1139 246 —

274 358 379 403 601.
411 350 664 398 Schneider.
732 351 781 395 In
816 349 869 395 iis
906 365 1017 413 quae
1042 356 1285 410 sequuntur
1319 345 1471 392 turbas
1507 363 1577 391 ex-

276 435 373 483 civit
420 430 719 479 Casaubonus.
797 430 840 475 Is
877 429 992 476 enim
1021 427 1136 473 inter
1167 443 1229 471 vv.
1270 428 1580 488 αλιπόρφυραι

277 528 317 564 et
350 517 594 560 πανέλοπες
623 509 821 556 lacunam
853 509 1029 565 notavit,
1067 505 1278 553 excidisse
1310 518 1451 554 ratus:
1488 511 1580 554 Ἀλ-

276 604 401 644 καῖος
444 597 493 638 δὲ
536 595 831 651 πορφυρίδων
873 589 1152 645 μνημονεύει.
1229 586 1460 644 >›Verba,«
1504 587 1577 644 ait,

277 692 421 740 »quae
445 681 703 736 sequuntur,
740 687 833 717 esse
857 668 1007 715 Alcaei
1031 667 1158 714 docet
1178 666 1323 713 Schol.
1359 667 1436 715 Ar.
1468 667 1574 714 Avv.

278 757 451 804 1410«
528 750 596 797 Ibi
637 750 860 816 Aristoph.
908 749 1119 797 Alcaeum
1162 759 1260 795 ante
1303 747 1454 796 oculos
1499 747 1578 795 ha-

274 837 390 892 buit,
428 832 552 896 cujus
588 830 668 877 hos
703 849 854 878 versus
888 830 1164 897 protulerunt
1198 827 1381 879 Scholl.:

330 910 522 979 ὒρνιθες
544 920 656 962 τίνες
675 915 758 958 οἵδ’
773 931 798 975 ,·
831 917 1021 961 ὠκεανῶ
1042 914 1134 974 γάρ
1156 912 1366 971 περάτων
1389 911 1483 959 ἄπο

337 989 489 1055 ἦλθον
511 997 758 1041 πανέλοπες
782 993 1100 1053 ποικιλόδειροι
1123 998 1455 1054 τανυσίπτεροι.

274 1076 410 1141 Quod
445 1093 511 1139 ap.
548 1070 701 1119 Matth.
749 1082 813 1118 est
846 1070 976 1134 frgm.
1010 1072 1148 1130 Lm,
1198 1072 1274 1136 qui
1307 1078 1579 1123 παννέλοπες

272 1176 402 1224 prave
435 1154 619 1202 exhibet.
699 1153 822 1199 Hanc
860 1152 1111 1200 Casauboni
1140 1151 1421 1209 sententiam,
1466 1170 1578 1216 quae

273 1238 379 1285 mihi
411 1233 645 1282 falsissima
670 1233 865 1290 videtur,
899 1231 1113 1298 probasse
1147 1231 1506 1280 Valckenaerium
1526 1250 1578 1279 ex

273 1321 326 1367 iis
372 1324 574 1383 apparet,
622 1332 732 1378 quae
768 1313 896 1376 frgm.
931 1313 993 1360 HI
1029 1313 1242 1371 diximus,
1292 1311 1414 1378 quod
1446 1312 1574 1375 frgm.

274 1411 314 1447 et
347 1398 495 1462 ipsum
523 1412 575 1441 ex
599 1405 741 1440 mente
771 1394 926 1441 horum
946 1396 1140 1442 virorum
1159 1394 1322 1442 Alcaeo
1347 1393 1577 1456 assignan-

273 1480 379 1526 dum
424 1486 499 1523 est.
585 1474 639 1520 Id
683 1485 826 1521 autem
870 1475 1011 1540 quivis
1054 1474 1256 1538 intelligit
1289 1473 1409 1522 nullo
1448 1484 1577 1538 pacto

272 1559 367 1606 {ieri
398 1574 553 1622 posse;
590 1565 693 1601 sunt
726 1553 905 1618 quidem
929 1555 1001 1603 illa
1024 1555 1174 1604 Alcaei
1209 1555 1366 1602 similia
1387 1554 1575 1621 Ibyciis;

274 1639 353 1687 sed
386 1656 441 1684 ne
476 1634 729 1683 memoravit
772 1635 948 1698 quidem
984 1654 1127 1701 neque
1170 1642 1455 1698 πορφυρίδας
1497 1655 1575 1684 ne-

275 1738 359 1785 que
378 1717 608 1766 οὲλκυόνας
619 1735 643 1779 5
673 1714 861 1762 Alcaeus
882 1722 1252 1780 ποικιλοδείρους,
1286 1716 1452 1782 Ibycus
1479 1721 1575 1764 αἰο-

273 1805 496 1860 λοὸείρους
517 1794 694 1842 vocavit.
766 1795 902 1858 Quod
934 1808 1076 1844 autem
1096 1815 1186 1844 rem
1222 1796 1419 1855 conficit,
1454 1816 1577 1845 men-

272 1880 435 1927 tionem
454 1876 610 1924 fecisse
628 1874 812 1943 Ibycum
834 1877 1060 1943 penelopis
1083 1878 1240 1925 docent
1258 1877 1418 1925 Scholl.
1440 1878 1573 1925 Arist.

273 1961 376 2007 Avv.
405 1960 541 2006 1302.
578 1954 620 2006 ‘O
643 1963 842 2017 πηνέλοψ
865 1960 1013 2018 νήσσῃ
1041 1965 1122 2017 μὲν
1154 1962 1313 2016 ὅμοιον
1323 1995 1341 2022 ,
1376 1975 1575 2019 περιστε-

275 2044 353 2102 ρᾶς
376 2045 423 2087 δὲ
442 2045 635 2101 μέγεθος
649 2058 660 2070 ·
695 2043 920 2097 μέμνηται
952 2044 1002 2087 δὲ
1024 2043 1173 2088 αὐτοῦ
1203 2047 1478 2100 Στησίχορος
1498 2042 1579 2085 καί

271 2122 507 2184 Ἴβυκος·
543 2123 600 2184 (v,
626 2119 809 2168 Stesich.
835 2119 962 2182 frgm.
997 2121 1088 2167 XC.
1116 2119 1279 2181 Klein.)
1312 2123 1336 2166 ὁ
1359 2124 1408 2166 δέ
1440 2125 1576 2176 πηνέ-

272 2211 357 2261 λοψ
402 2206 562 2258 μείζων
594 2207 678 2258 μὲν
717 2204 749 2259 ἢ
794 2204 924 2249 κατὰ
956 2205 1129 2259 νῆτταν
1164 2203 1332 2256 ὅμοιον.
1421 2201 1575 2264 Neque

274 2300 367 2328 eam
407 2283 660 2330 memoriam
705 2301 755 2330 ex
788 2281 1013 2329 Athenaeo
1060 2281 1257 2328 haustam
1304 2299 1398 2329 esse
1434 2281 1576 2328 credi-

274 2362 358 2409 bile
395 2374 468 2409 est.
549 2363 768 2411 Videntur
801 2374 943 2410 autem
978 2362 1212 2427 penelopes
1249 2381 1346 2409 cum
1382 2359 1576 2427 alcyoni-

272 2442 352 2488 bus
393 2443 661 2492 familiariter
703 2445 885 2502 vixisse,
947 2445 1063 2490 unde
1099 2455 1163 2490 est
1195 2442 1304 2489 illud
1339 2460 1406 2507 ap.
1441 2439 1573 2487 Arist.

269 2522 370 2567 Au:
409 2525 513 2570 299.

331 2606 499 2650 Οὑτοσί
518 2611 567 2651 δὲ
583 2611 781 2666 πηνέλοψ
795 2626 806 2638 ·
841 2610 1030 2655 ἐκεινοσί
1054 2613 1102 2654 δέ
1122 2611 1165 2668 γ’
1191 2607 1389 2654 ἀλκυών.
