1677 3059
555 227 620 234 .-.
751 211 800 245 Xl
929 227 994 235 ,-

124 356 254 403 quam
299 338 466 386 cantica
501 339 737 386 chororum
771 339 930 386 honori
975 339 1158 385 heroum
1203 339 1429 387 destinata.

123 425 290 472 Eodem
334 435 528 490 tempore
565 444 662 472 cum
705 427 934 482 Bacchus,
983 425 1148 473 scilicet
1185 425 1430 473 Chthonius

124 511 194 558 itte
243 511 376 570 deus,
425 513 501 577 qui
545 530 643 559 vere
685 525 938 561 renascente
986 533 1037 560 ex
1080 513 1231 559 inferis
1275 513 1430 569 evadit,

125 598 418 662 dithyrambis
453 598 769 657 celebraretur,
811 612 939 664 atque
976 601 1154 647 omnino
1192 600 1432 647 Chthonio-

123 703 221 734 rum
259 686 440 733 deorum
475 685 630 749 religio
666 706 761 734 cum
798 687 986 734 heroicis
1023 687 1158 733 sacris
1192 687 1293 733 olim
1329 706 1433 734 con-

125 773 395 820 iunctissima
431 785 566 820 esset:
605 773 862 837 intelligitur
894 774 1095 830 sortasse,
1137 773 1209 837 qui
1233 773 1324 819 lieri
1352 793 1433 839 po-

126 860 279 917 tuerit,
326 871 375 906 ut
404 860 685 924 antiquorum
719 860 1047 925 melopoeorum
1083 862 1285 922 «ήρωϊκας
1320 864 1433 907 ὑπο-

122 951 268 997 θέσεις
312 947 491 1011 quidam
537 947 924 1010 dithyrambis
972 957 1332 1003 annumerarent,
1379 946 1434 993 de

126 1050 213 1096 qua
259 1051 305 1079 re
340 1044 388 1080 tu
425 1033 571 1081 dixisti
614 1054 656 1100 p.
690 1037 790 1091 57.‚
843 1047 971 1100 atque
1020 1035 1147 1082 etiam
1195 1033 1435 1081 Simonidis

126 1119 408 1186 dithyrambo
442 1120 616 1167 cuidam
651 1140 811 1168 nomen
844 1134 955 1169 esset
982 1120 1232 1177 Memnoni,
1271 1120 1326 1167 de
1350 1139 1436 1185 qua

126 1226 173 1254 re
206 1207 516 1254 Dissenius
560 1219 710 1255 noster
745 1208 801 1255 ad
836 1207 1018 1255 Pindari
1056 1207 1209 1269 fragm.
1247 1226 1288 1272 p.
1328 1208 1434 1255 624.

128 1294 375 1360 disputavit.
444 1295 556 1341 Hinc
591 1296 717 1341 etiam
740 1295 886 1341 lumen
911 1292 1089 1358 aliquod
1114 1293 1314 1340 adhiberi
1339 1306 1438 1360 pot-

128 1382 208 1428 erit
241 1382 418 1445 tragicis
455 1382 764 1448 Sicyoniorum
801 1381 1069 1430 carminibus
1106 1379 1162 1426 ad
1196 1379 1437 1428 Adrastum

128 1487 154 1516 a
190 1468 366 1515 Baccho
398 1468 643 1525 translatis,
698 1480 737 1515 et
772 1469 856 1534 ipsi
893 1468 1227 1515 Atheniensium
1264 1479 1437 1529 tragoe-

129 1556 226 1603 diae
260 1557 345 1603 iam
381 1555 527 1603 multis
564 1567 660 1602 ante
682 1555 952 1622 Aeschylum
987 1556 1112 1602 annis
1150 1554 1206 1600 ad
1240 1554 1438 1601 heroicas

127 1663 340 1710 personas
364 1643 619 1690 deflectenti.
690 1642 892 1707 Denique
917 1643 1044 1690 etiam
1068 1641 1312 1706 Phrygiam
1339 1641 1439 1688 har-

128 1731 319 1778 moniam
363 1729 655 1796 dithyrambis
698 1729 975 1794 potissimum
1018 1725 1228 1787 dicatam,
1290 1728 1370 1776 sed
1415 1748 1441 1775 a

131 1818 383 1865 Stesichoro
420 1816 476 1862 ad
518 1819 747 1864 Oresteam
783 1835 907 1863 suam
942 1817 1211 1873 adhibitam,
1266 1815 1321 1862 ab
1358 1815 1440 1863 hac

132 1904 387 1970 quaestione
421 1922 511 1950 non
547 1922 641 1951 esse
675 1904 857 1951 alienam
894 1915 1145 1951 statuemus.

274 1992 391 2038 Haec
438 1990 492 2037 de
545 1991 710 2037 caussis
761 1990 1037 2037 heroicorum
1084 2000 1441 2053 argumentorum

130 2077 320 2142 publicis
347 2077 492 2125 choris
530 2081 764 2142 (Χαρίτων
791 2079 1055 2135 δαμώματα
1088 2077 1193 2123 dicit
1219 2075 1442 2122 Stesicho-

132 2165 230 2226 rus)
266 2164 424 2211 horum
460 2176 689 2230 poetarum
714 2176 803 2211 arte
839 2164 1167 2211 celebratorum.
1236 2162 1309 2210 Ad
1335 2161 1441 2209 haec

134 2250 171 2295 si
208 2262 464 2314 quaeratur,
513 2270 704 2316 quonam
735 2250 868 2298 modo
902 2270 949 2298 ea
986 2261 1242 2314 argumenta
1278 2250 1440 2316 Ibycus

134 2336 402 2394 tractaverit,
449 2350 632 2404 propter
674 2338 902 2403 penuriam
948 2356 1095 2384 rerum
1139 2336 1194 2383 ad
1230 2335 1441 2382 iudicium

134 2421 365 2468 serendum
399 2425 743 2471 necessariarum
780 2424 1156 2480 obmutescemus,
1203 2422 1286 2468 nisi
1321 2421 1442 2486 quod

135 2507 192 2553 ad
227 2508 466 2555 Stesichori
505 2509 722 2574 exemplar
757 2530 805 2558 ea
841 2511 1032 2558 carmina
1069 2509 1123 2555 ab
1156 2509 1292 2576 Ibyco
1329 2508 1444 2554 facta

136 2611 255 2652 esse,
291 2595 560 2661 respondere
589 2595 718 2642 nobis
755 2598 798 2642 in
835 2596 1015 2662 proclivi
1052 2607 1128 2644 est.
1206 2596 1352 2658 Atque
1387 2592 1445 2639 ad
