1677 3059
645 214 707 220 -
847 197 892 230 w
1025 213 1090 220 .—

211 345 307 383 eas,
361 343 472 390 quae
509 343 608 371 cum
642 326 740 390 ipso
774 335 850 370 tuo
887 321 1103 370 beneficio
1141 321 1524 367 coniunctissimae

213 413 323 469 sint,
359 412 530 477 primus
567 429 647 474 ego
683 422 784 457 tuus
814 410 950 458 lector
986 428 1086 466 eos,
1125 408 1201 473 qui
1234 425 1303 454 me
1338 424 1526 471 sequen-

212 510 304 556 tur,
348 498 394 544 in
429 497 616 560 legendo
654 509 729 544 tuo
768 497 882 544 libro
922 497 982 543 ita
1016 496 1164 542 iuvare
1202 493 1417 550 studebo,
1463 504 1525 549 ut,

216 604 302 650 quo
338 586 533 650 primum
570 584 761 630 animum
786 585 1010 631 advertere
1037 581 1277 638 conducat,
1315 580 1458 627 statim
1482 580 1530 626 in

215 671 362 718 limine
394 670 651 733 intelligant.

350 757 474 820 Quid
503 767 646 804 autem
672 767 759 814 est,
797 755 942 822 quod,
979 775 1078 804 cum
1100 755 1344 818 fragmenta
1362 753 1532 811 ruinae,

221 862 306 910 qua
342 843 562 890 literarum
598 844 867 891 Graecarum
902 840 1061 907 magna
1095 861 1224 908 pars,
1265 853 1306 889 et
1338 841 1536 888 omnium

220 932 405 980 maxime
440 929 576 997 lyrica
611 931 784 995 poesis,
836 929 995 976 afflicta
1033 941 1118 987 est,
1168 929 1437 992 colligimus,
1487 939 1536 974 ut

223 1018 337 1066 effici
374 1017 538 1083 possit,
583 1016 711 1063 unice
747 1015 949 1080 cupimus
986 1027 1026 1061 et
1061 1018 1293 1081 optamus?
1377 1017 1536 1063 Nonne

225 1105 394 1153 ardenti
431 1121 755 1150 commovemur
791 1101 1036 1160 desiderio,
1072 1102 1312 1149 clarissima
1346 1102 1538 1166 ingenia,

227 1210 415 1257 quorum
449 1191 619 1254 integra
650 1190 813 1255 scripta
847 1189 980 1236 nobis
1016 1189 1172 1235 invidit
1207 1200 1350 1246 aetas,
1395 1201 1540 1237 mente

228 1289 269 1326 et
297 1279 441 1325 animo
474 1278 534 1324 ita
568 1276 911 1342 complectendi,
948 1288 995 1322 ut
1032 1276 1092 1322 illi
1119 1276 1164 1322 in
1199 1275 1397 1323 ordinem
1432 1296 1542 1342 quo-

230 1365 465 1413 dammodo
494 1364 754 1427 redigantur
776 1382 928 1410 corum
953 1363 1239 1428 scriptorum,
1278 1363 1545 1428 quibuscum

229 1464 438 1518 tanquam
463 1449 776 1516 superstitibus
809 1450 1028 1514 hodieque
1057 1461 1237 1496 aetatem
1271 1468 1399 1512 agere
1429 1449 1545 1507 licet,

232 1550 394 1603 utque,
444 1539 518 1602 qui
551 1556 669 1584 nunc
704 1536 816 1583 nihil
850 1536 936 1583 nisi
972 1555 1132 1583 nomen
1164 1549 1204 1584 et
1237 1536 1439 1583 umbram
1470 1536 1549 1584 ha-

232 1625 363 1682 bent,
402 1636 440 1671 et
467 1623 802 1671 Homericorum
832 1623 971 1671 instar
1001 1623 1219 1670 idolorum
1247 1624 1360 1670 iuter
1392 1643 1548 1672 manus

233 1710 603 1777 prehendentium
638 1710 685 1756 in
713 1728 842 1757 auras
880 1709 1159 1768 dilabuntur,
1196 1722 1430 1777 postquam
1453 1712 1548 1759 vivo

235 1815 366 1844 sanae
404 1796 629 1844 doctrinae
678 1797 892 1860 sanguine
940 1816 1014 1844 eos
1055 1797 1266 1856 aluimus,
1316 1817 1485 1864 corpus
1511 1810 1553 1846 et

237 1884 424 1930 animam
471 1882 617 1930 denuo
664 1884 886 1949 accepisse
927 1883 1188 1932 videantur?
1278 1885 1453 1948 Quodsi
1502 1905 1573 1933 ex,

239 1969 534 2033 fragminibus
569 1970 654 2018 illis
700 1970 854 2018 sedulo
891 1970 1081 2018 collectis
1120 1984 1160 2019 et
1199 1973 1313 2020 inter
1356 1991 1401 2020 se
1434 1991 1552 2020 com-

239 2058 402 2123 paratis
441 2076 490 2104 ac
526 2076 626 2104 cum
656 2056 872 2105 similibus
910 2058 1181 2122 antiquitatis
1218 2059 1426 2124 operibus
1465 2059 1554 2106 col-

240 2143 364 2200 latis,
408 2143 593 2209 parique
628 2157 989 2209 argumentorum
1026 2157 1067 2192 et
1101 2146 1335 2192 verborum
1366 2164 1469 2192 cura
1504 2145 1556 2192 il-

243 2230 461 2287 lustratis,
511 2249 558 2277 ea
592 2237 795 2297 poe‘mata
835 2251 921 2296 quo
957 2232 1031 2279 silo
1068 2232 1255 2279 deducta
1290 2231 1479 2291 fuerint,
1518 2245 1558 2281 et

242 2323 471 2381 po'c'tarum
502 2336 613 2382 quae
651 2319 782 2365 fuerit
818 2318 1012 2376 indoles,
1051 2319 1125 2384 qui
1160 2318 1350 2383 pectoris
1385 2337 1556 2377 sensus,

245 2422 355 2468 quae
388 2422 559 2450 summa
591 2406 693 2452 artis
733 2417 992 2471 praecepta,
1030 2405 1293 2452 intellectum
1331 2406 1433 2453 erit:
1469 2424 1559 2451 uon

246 2491 327 2536 hos
353 2490 471 2538 solos
505 2492 742 2558 scriptores
766 2492 921 2540 melius
948 2492 1296 2556 cognoverimus,
1329 2491 1408 2537 sed
1432 2491 1560 2537 etiam

247 2577 302 2624 ab
350 2596 400 2625 eo
455 2596 618 2645 scopo,
671 2597 801 2644 quem
844 2589 1053 2645 tanquam
1087 2578 1307 2626 bonorum
1350 2576 1480 2624 {inem
1517 2578 1562 2624 in
