1677 3059
522 212 585 220 —
695 182 785 230 187
892 211 955 218 —

230 324 531 388 Fragmm.
577 321 758 369 XXXII.
792 319 996 367 XXXIII.
1031 319 1235 366 XXXIV

198 405 343 454 Schol.
378 405 507 454 Pind.
543 405 665 452 Nem.
703 402 737 459 I,
777 402 816 448 1.
851 420 894 467 p.
922 402 1031 452 427.
1067 398 1258 447 Boeckh.

186 491 240 536 Ἠ
268 491 492 550 Ὀρτυγία
531 485 747 547 πρότερον
787 487 869 539 μὲν
912 472 1033 530 οὖσα
1078 482 1240 545 νῆσος,
1295 474 1393 527 εἶτα

87 575 437 632 προςχωσθεῖσα
478 564 747 628 χερρόνησος
781 569 989 627 γέγονεν,
1043 565 1102 613 ὠς
1142 566 1223 610 καί
1264 562 1394 627 Ἴβυ-

91 668 185 702 κος
217 656 406 712 ἱστορεῖ·
479 645 618 708 Παρὰ
649 649 809 706 χέρσον
836 651 1014 691 λίθινον
1047 645 1127 692 τὸν
1160 644 1396 701 παλάμαις

89 732 284 794 βροτῶν·
317 729 495 790 πρόσθε
517 743 586 774 νιν
614 730 730 772 πὲδα
759 727 944 787 νηριτᾶν
972 726 1129 779 ἰχθύες
1150 728 1397 788 ὠμοφάγοι

91 818 289 869 νέμοντο.

210 889 354 938 Strab.
384 889 416 936 I.
453 908 495 955 p.
532 888 637 934 102.
673 886 726 932 A.
767 884 862 932 Cas.

187 973 418 1032 Καθάπερ
447 973 522 1017 ἐπὶ
554 969 634 1024 τῆς
667 968 778 1028 πρὸς
811 967 1109 1028 Συρακούσας
1138 968 1282 1025 νήσου
1317 971 1399 1017 νῦν

90 1057 171 1109 μὲν
206 1054 384 1113 γέφυρα
410 1057 530 1098 ἐστιν
563 1051 593 1105 ἠ
632 1049 935 1095 συνάπτουσα
976 1049 1127 1105 αὐτὴν
1159 1051 1271 1111 πρὸς
1313 1054 1399 1110 τὴν

91 1133 304 1197 ἤπειρον,
344 1134 562 1194 πρότερον
596 1136 645 1178 δὲ
687 1132 853 1193 χῶμα,
894 1130 952 1179 ὥς
989 1147 1128 1188 φησιν
1158 1129 1395 1196 Ἴβυκος,

92 1220 283 1275 λογαιόυ
316 1220 483 1276 λίθου,
519 1214 574 1260 ὃν
610 1219 744 1259 καλεῖ
766 1215 992 1257 ἔκλεκτον.
1063 1209 1229 1257 Similia
1251 1212 1394 1260 Schol.

94 1292 231 1340 Thuc.
264 1294 340 1351 VI,
375 1296 418 1340 3.

221 1374 378 1422 Athen.
410 1375 484 1432 III,
519 1393 562 1440 p.
590 1375 664 1422 97.
699 1374 749 1420 Β.

189 1461 438 1518 Ἀρχίλοχος
457 1458 538 1513 τῆς
558 1455 796 1516 χηράμβης
818 1456 1072 1517 μέμνηται,
1107 1455 1193 1500 τοῦ
1214 1456 1254 1501 δ’
1281 1458 1397 1502 ανα-

96 1541 221 1597 ρίτου
248 1536 488 1599 Ἴβυκος.
522 1543 727 1583 καλεῖται
761 1538 800 1579 δ’
836 1533 860 1580 ὁ
890 1537 1108 1595 άναρίτης
1142 1539 1223 1581 καί
1255 1539 1397 1600 άνάρ-

95 1633 196 1673 της.
249 1620 475 1678 nome-‚3689
514 1622 562 1664 δὲ
595 1619 648 1663 ὂν
681 1615 734 1661 τὸ
769 1612 953 1674 ὄστρεον
997 1620 1257 1676 προςέχεται
1299 1627 1398 1671 ταῖς

95 1702 302 1762 πέτραις,
338 1700 486 1760 ὥσπερ
525 1701 574 1744 αἰ
604 1697 803 1745 λεπάδες.

226 1779 363 1843 Apud
385 1777 530 1826 Schol.
565 1775 848 1825 Pindaricum
873 1793 1008 1839 quum
1030 1776 1230 1824 Romana
1264 1779 1397 1828 editio

96 1865 244 1906 παῖδα
276 1861 457 1921 νήριτον
489 1858 743 1925 praeberet,
781 1857 929 1904 Ursin.
966 1875 1007 1922 p.
1041 1859 1147 1905 319.
1198 1863 1399 1909 »Emen-

98 1942 332 1998 davimus,
367 1940 533 2005 inquit,
580 1945 755 1986 πέδον
784 1940 1054 2003 νήριτον,
1091 1938 1177 1987 hoc
1211 1951 1298 1998 est,
1332 1945 1396 1990 τὸ

98 2024 190 2069 dec·
220 2039 243 2082 ρ
256 2026 358 2067 έον.
434 2023 507 2068 Sic
541 2023 681 2067 etiam
724 2022 889 2067 Latini
911 2030 1078 2085 poetae
1117 2040 1294 2087 aequor
1328 2024 1399 2070 dl-

97 2111 268 2150 sserunt
299 2120 475 2148 mara«
534 2102 777 2168 Suscepere
799 2102 910 2148 hanc
938 2103 1025 2149 sive
1052 2102 1398 2151 emendationem

98 2183 186 2230 sive
219 2181 567 2248 depravationem
602 2184 800 2250 Heynius
837 2195 877 2230 et
909 2183 1126 2241 Beckius,
1173 2183 1399 2232 Romanae

98 2261 359 2326 scripturam
401 2264 611 2327 expressit
652 2264 928 2330 Stephanus,
977 2264 1051 2327 qui
1089 2264 1133 2310 in
1171 2283 1221 2311 eo
1264 2266 1400 2313 veris-

99 2344 206 2391 sime
243 2341 353 2404 egit‚
410 2343 532 2407 quod
565 2357 666 2409 post
697 2348 870 2408 βροτῶν
903 2345 1056 2391 lacuna
1090 2344 1230 2392 locata
1264 2345 1401 2409 signi-

96 2425 237 2474 ficavit
274 2423 485 2472 excidisse
522 2425 826 2490 participium,
881 2425 1105 2488 ligandum
1148 2426 1258 2473 illud
1303 2446 1401 2474 cum

96 2510 215 2570 τόν,
277 2523 364 2570 quo
403 2524 521 2552 nunc
565 2523 654 2552 non
700 2524 811 2571 opus
856 2524 950 2554 esse
999 2507 1228 2571 apparebit
1272 2507 1399 2554 infra.

96 2588 300 2636 Proxime
325 2585 383 2633 ad
403 2605 551 2634 verum
577 2587 759 2634 accessit
785 2586 1089 2645 casaubonus,
1119 2588 1194 2652 qui
1220 2588 1264 2634 in
1287 2587 1403 2636 calce
