1677 3059
672 172 735 180 ———
851 146 942 193 1254
1046 172 1106 178 -

267 576 338 622 ΙΙΙ.
407 573 657 620 Carmen
699 572 757 618 in
799 573 1058 618 Dianam
1101 569 1427 633 Ortygiae,
1474 577 1534 615 ut

777 651 1031 697 videtur.

682 831 912 895 Fragm.
975 828 1137 876 XXXI.

394 932 443 975 ‘H
481 932 726 989 Ἀρέθουσα
770 927 915 987 κρήνη
959 930 1006 971 ἐν
1050 926 1361 985 Συρακούσαις
1404 926 1465 984 τῇ
1518 928 1566 970 ἐν

259 1015 466 1073 Σικελίᾳ,
499 997 531 1067 ᾖ
567 1009 683 1067 φασί
716 1007 794 1052 δια
825 1006 1051 1065 πελάγους
1085 1006 1282 1064 Ἀλφειὸν
1315 1007 1472 1069 ἥκειν,
1509 1007 1567 1056 ὥς

261 1108 402 1149 φησιν
440 1090 661 1152 Ἴβυκος
707 1087 999 1148 παριστορῶν
1046 1089 1148 1147 περὶ
1191 1089 1272 1142 τῆς
1315 1091 1569 1142 Ὀλυμπίας

261 1172 440 1229 φιάλης.

396 1249 573 1312 Quibus
611 1247 789 1313 subjicit
824 1245 969 1294 Schol.
996 1245 1173 1292 Ursini:
1204 1245 1274 1309 Ἷβ
1286 1265 1313 1292 υ
1329 1250 1392 1294 κο
1403 1263 1423 1297 ς
1451 1251 1572 1294 ἱστο-

265 1332 356 1392 ρῶν
389 1334 490 1392 περὶ
520 1333 601 1388 τῆς
631 1334 888 1386 Ὀλυμπίας
930 1329 1097 1387 φιάλης
1135 1330 1370 1385 Σικελικὴν
1403 1331 1574 1390 κρήνην

265 1412 351 1468 τὴν
382 1415 654 1472 Αρέθουσαν
687 1405 803 1458 εἷναί
840 1427 955 1470 φησι
989 1410 1069 1455 καὶ
1100 1411 1191 1455 ὑπὸ
1227 1413 1424 1469 Ἀλφειοῦ
1456 1418 1573 1466 πλη-

268 1494 482 1553 ροῦσθαι.

401 1571 657 1636 Spectemus
692 1589 810 1618 nunc
850 1570 1040 1635 primum
1075 1569 1231 1626 verba3
1282 1558 1315 1630 ᾗ
1349 1588 1490 1629 φασιν
1516 1601 1575 1608 --

269 1654 395 1710 ἥκειν
435 1669 526 1697 non
556 1650 654 1697 tulit
684 1651 832 1697 Heius.
879 1650 990 1697 lectt.
1028 1649 1212 1695 Theocr.
1249 1669 1290 1714 p.
1330 1652 1435 1696 305.
1471 1651 1578 1697 scri-

271 1731 382 1778 bens
415 1732 644 1789 συνήκειν;
683 1731 810 1778 codd.
847 1732 1011 1777 Vaticc.
1044 1734 1086 1777 3.
1119 1733 1187 1786 5.,
1227 1729 1440 1793 Callierg.‚
1478 1734 1577 1780 Urs,

272 1813 404 1869 ἥξειν.
470 1811 650 1877 Explica
682 1811 923 1874 vulgatam:
968 1810 1015 1856 in
1050 1810 1174 1874 cujus
1210 1810 1414 1873 gratiam,
1462 1831 1581 1859 amo-

273 1910 367 1939 rem
399 1892 569 1939 venisse
596 1891 874 1956 perhibetur3
914 1891 990 1955 qui
1014 1908 1120 1937 usus
1157 1890 1288 1936 dativi
1323 1906 1582 1957 pervagatus

278 1984 363 2031 est,
399 1984 447 2020 ut
472 1973 575 2019 Eur.
602 1972 698 2037 Iph.
727 1971 825 2019 Aul.
857 1972 994 2019 1345.
1031 1961 1069 2034 ᾦ
1102 1974 1158 2019 σύ
1193 1975 1310 2034 δεῦρ)
1340 1976 1584 2031 ἐλήλυθας.

279 2084 340 2091 -
375 2062 699 2117 Παριστορεΐν,
734 2072 815 2118 pro
853 2071 940 2117 quo
977 2051 1120 2099 Schol.
1157 2054 1256 2098 Urs.
1294 2053 1476 2119 simplex
1513 2073 1585 2101 ex-

278 2134 401 2181 hibet
438 2138 648 2198 ἰστορεῖν,
682 2133 904 2181 verissime
939 2133 1248 2197 interpretatur
1280 2134 1480 2199 Toupius
1517 2153 1584 2200 ap.

282 2213 505 2261 Gaisford.
543 2214 600 2260 ad
634 2214 677 2264 h.
711 2214 735 2261 l.
757 2214 988 2276 fabulam
1018 2232 1237 2270 narrare,
1275 2233 1362 2278 quo
1388 2232 1520 2262 sensu
1547 2226 1588 2261 et

282 2295 387 2342 alias
422 2295 581 2358 legitur
613 2305 653 2340 et
687 2292 806 2358 apud
829 2292 1048 2340 Plutarch.
1072 2293 1188 2344 Plac.
1217 2294 1403 2341 Philoss.
1434 2296 1487 2351 ll,
1510 2295 1586 2345 24.

283 2375 578 2440 Xenophanes
602 2376 910 2438 παριστόρηκε
936 2378 1017 2420 καί
1033 2380 1223 2434 ἔκλειψιν
1244 2379 1388 2434 ἡλίου.
1435 2375 1589 2442 Olym-

284 2457 400 2520 piam
447 2467 589 2503 autem
624 2455 813 2520 phialam
858 2473 994 2519 quum
1039 2474 1312 2522 concoquere
1356 2473 1446 2502 non
1486 2473 1591 2520 pos-

286 2546 406 2593 sent,
461 2536 507 2583 in
553 2535 875 2584 emendandum
913 2536 1126 2600 proclives
1160 2536 1416 2584 ferebantur
1455 2535 1594 2582 edito-
