<?xml version="1.0" encoding="UTF-8"?>
<!DOCTYPE html PUBLIC "-//W3C//DTD XHTML 1.0 Transitional//EN"
    "http://www.w3.org/TR/xhtml1/DTD/xhtml1-transitional.dtd">
<html xmlns="http://www.w3.org/1999/xhtml" xml:lang="en" lang="en">
 <head>
  <title>
</title>
<meta http-equiv="Content-Type" content="text/html;charset=utf-8" />
  <meta name='ocr-system' content='tesseract 3.04.00' />
  <meta name='ocr-capabilities' content='ocr_page ocr_carea ocr_par ocr_line ocrx_word'/>
</head>
<body>
  <div class='ocr_page' id='page_1' title='image "./ibycirheginicarm00schnuoft_0047.png"; bbox 0 0 1677 3059; ppageno 0'>
   <div class='ocr_carea' id='block_1_1' title="bbox 511 214 948 260">
    <p class='ocr_par' dir='ltr' id='par_1_1' title="bbox 511 214 948 260">
     <span class='ocr_line' id='line_1_1' title="bbox 511 214 948 260; baseline -0.016 -9"><span class='ocrx_word' id='word_1_1' title='bbox 511 243 571 251; x_wconf 89' lang='grc'>...</span> <span class='ocrx_word' id='word_1_2' title='bbox 700 214 757 260; x_wconf 86' lang='lat'>17</span> <span class='ocrx_word' id='word_1_3' title='bbox 883 239 948 245; x_wconf 84' lang='grc'>.-</span> 
     </span>
    </p>
   </div>
   <div class='ocr_carea' id='block_1_2' title="bbox 22 348 1410 2667">
    <p class='ocr_par' dir='ltr' id='par_1_2' title="bbox 22 348 1388 1286">
     <span class='ocr_line' id='line_1_2' title="bbox 79 348 1381 424; baseline -0.01 -17"><span class='ocrx_word' id='word_1_4' title='bbox 79 361 244 424; x_wconf 84' lang='lat' dir='ltr'>gnitam</span> <span class='ocrx_word' id='word_1_5' title='bbox 278 355 518 413; x_wconf 78' lang='lat' dir='ltr'>habemus,</span> <span class='ocrx_word' id='word_1_6' title='bbox 573 369 685 418; x_wconf 85' lang='lat' dir='ltr'>quae</span> <span class='ocrx_word' id='word_1_7' title='bbox 717 349 942 398; x_wconf 84' lang='lat' dir='ltr'>adduntur</span> <span class='ocrx_word' id='word_1_8' title='bbox 973 348 1027 396; x_wconf 91' lang='lat' dir='ltr'>de</span> <span class='ocrx_word' id='word_1_9' title='bbox 1056 350 1203 405; x_wconf 72' lang='grc' dir='ltr'><em>μελῶν</em></span> <span class='ocrx_word' id='word_1_10' title='bbox 1233 348 1381 414; x_wconf 82' lang='lat' dir='ltr'><strong>appel-</strong></span> 
     </span>
     <span class='ocr_line' id='line_1_3' title="bbox 81 428 1381 499; baseline -0.008 -12"><span class='ocrx_word' id='word_1_11' title='bbox 81 439 254 487; x_wconf 83' lang='lat' dir='ltr'>lationis</span> <span class='ocrx_word' id='word_1_12' title='bbox 285 436 479 499; x_wconf 84' lang='lat' dir='ltr'>origine,</span> <span class='ocrx_word' id='word_1_13' title='bbox 516 445 582 491; x_wconf 87' lang='lat' dir='ltr'>et,</span> <span class='ocrx_word' id='word_1_14' title='bbox 616 432 654 479; x_wconf 87' lang='lat' dir='ltr'>si</span> <span class='ocrx_word' id='word_1_15' title='bbox 685 429 832 497; x_wconf 86' lang='lat' dir='ltr'>paullo</span> <span class='ocrx_word' id='word_1_16' title='bbox 865 429 1047 477; x_wconf 89' lang='lat' dir='ltr'>liberius</span> <span class='ocrx_word' id='word_1_17' title='bbox 1079 428 1125 476; x_wconf 88' lang='lat' dir='ltr'>in</span> <span class='ocrx_word' id='word_1_18' title='bbox 1151 430 1381 477; x_wconf 86' lang='lat' dir='ltr'>restituen-</span> 
     </span>
     <span class='ocr_line' id='line_1_4' title="bbox 83 510 1381 583; baseline -0.006 -16"><span class='ocrx_word' id='word_1_19' title='bbox 83 520 152 567; x_wconf 90' lang='lat' dir='ltr'>dis</span> <span class='ocrx_word' id='word_1_20' title='bbox 197 516 443 583; x_wconf 89' lang='lat' dir='ltr'>depravatis</span> <span class='ocrx_word' id='word_1_21' title='bbox 486 514 571 561; x_wconf 86' lang='lat' dir='ltr'>illis</span> <span class='ocrx_word' id='word_1_22' title='bbox 618 511 764 560; x_wconf 87' lang='lat' dir='ltr'>verbis</span> <span class='ocrx_word' id='word_1_23' title='bbox 807 511 978 558; x_wconf 86' lang='lat' dir='ltr'>licuerit</span> <span class='ocrx_word' id='word_1_24' title='bbox 1022 510 1209 568; x_wconf 86' lang='lat' dir='ltr'>versari,</span> <span class='ocrx_word' id='word_1_25' title='bbox 1270 529 1381 576; x_wconf 87' lang='lat' dir='ltr'>quae</span> 
     </span>
     <span class='ocr_line' id='line_1_5' title="bbox 82 591 1384 662; baseline -0.003 -16"><span class='ocrx_word' id='word_1_26' title='bbox 82 598 394 662; x_wconf 86' lang='lat' dir='ltr'>originationes</span> <span class='ocrx_word' id='word_1_27' title='bbox 413 595 510 642; x_wconf 88' lang='lat' dir='ltr'>illas</span> <span class='ocrx_word' id='word_1_28' title='bbox 529 592 725 660; x_wconf 81' lang='lat' dir='ltr'>proxime</span> <span class='ocrx_word' id='word_1_29' title='bbox 747 591 1031 638; x_wconf 85' lang='lat' dir='ltr'>antecedunt:</span> <span class='ocrx_word' id='word_1_30' title='bbox 1056 593 1129 639; x_wconf 81' lang='grc' dir='ltr'>διὸ</span> <span class='ocrx_word' id='word_1_31' title='bbox 1147 597 1221 640; x_wconf 82' lang='grc' dir='ltr'>δεῖ</span> <span class='ocrx_word' id='word_1_32' title='bbox 1231 596 1384 643; x_wconf 78' lang='grc' dir='ltr'><strong><em>ταῦτα</em></strong></span> 
     </span>
     <span class='ocr_line' id='line_1_6' title="bbox 81 670 1383 741; baseline -0.002 -13"><span class='ocrx_word' id='word_1_33' title='bbox 81 686 191 741; x_wconf 77' lang='grc' dir='ltr'><em>παρ’</em></span> <span class='ocrx_word' id='word_1_34' title='bbox 215 684 392 739; x_wconf 81' lang='grc' dir='ltr'><em>αὐτοῖς,</em></span> <span class='ocrx_word' id='word_1_35' title='bbox 426 675 573 740; x_wconf 86' lang='lat' dir='ltr'>ipsum</span> <span class='ocrx_word' id='word_1_36' title='bbox 600 670 799 738; x_wconf 85' lang='lat' dir='ltr'>prodibit</span> <span class='ocrx_word' id='word_1_37' title='bbox 829 688 991 717; x_wconf 88' lang='lat' dir='ltr'>nomen</span> <span class='ocrx_word' id='word_1_38' title='bbox 1022 671 1217 737; x_wconf 86' lang='lat' dir='ltr'>Didymi.</span> <span class='ocrx_word' id='word_1_39' title='bbox 1271 678 1383 724; x_wconf 91' lang='lat' dir='ltr'>Nam</span> 
     </span>
     <span class='ocr_line' id='line_1_7' title="bbox 81 753 1385 823; baseline -0.002 -17"><span class='ocrx_word' id='word_1_40' title='bbox 81 761 142 806; x_wconf 86' lang='lat' dir='ltr'>ita</span> <span class='ocrx_word' id='word_1_41' title='bbox 162 759 370 823; x_wconf 88' lang='lat' dir='ltr'>scriptum</span> <span class='ocrx_word' id='word_1_42' title='bbox 396 755 531 802; x_wconf 87' lang='lat' dir='ltr'>fuisse</span> <span class='ocrx_word' id='word_1_43' title='bbox 556 753 767 818; x_wconf 87' lang='lat' dir='ltr'>conjicio:</span> <span class='ocrx_word' id='word_1_44' title='bbox 805 758 1000 808; x_wconf 76' lang='grc' dir='ltr'><em>Δίδυμος</em></span> <span class='ocrx_word' id='word_1_45' title='bbox 1025 757 1073 798; x_wconf 82' lang='grc' dir='ltr'>δὲ</span> <span class='ocrx_word' id='word_1_46' title='bbox 1096 758 1211 812; x_wconf 62' lang='grc' dir='ltr'><em>λέγει</em></span> <span class='ocrx_word' id='word_1_47' title='bbox 1232 760 1385 805; x_wconf 79' lang='grc' dir='ltr'>ταῦτα</span> 
     </span>
     <span class='ocr_line' id='line_1_8' title="bbox 80 831 1385 902; baseline -0.002 -15"><span class='ocrx_word' id='word_1_48' title='bbox 80 843 182 902; x_wconf 76' lang='grc' dir='ltr'><em>περί</em></span> <span class='ocrx_word' id='word_1_49' title='bbox 223 838 390 884; x_wconf 77' lang='grc' dir='ltr'><em>αὐτῶν.</em></span> <span class='ocrx_word' id='word_1_50' title='bbox 488 834 615 897; x_wconf 82' lang='lat' dir='ltr'>Quae</span> <span class='ocrx_word' id='word_1_51' title='bbox 652 851 788 898; x_wconf 91' lang='lat' dir='ltr'>quum</span> <span class='ocrx_word' id='word_1_52' title='bbox 833 831 1094 897; x_wconf 88' lang='lat' dir='ltr'>compendio</span> <span class='ocrx_word' id='word_1_53' title='bbox 1143 833 1385 899; x_wconf 82' lang='lat' dir='ltr'>scripturae</span> 
     </span>
     <span class='ocr_line' id='line_1_9' title="bbox 81 911 1387 980; baseline -0.005 -15"><span class='ocrx_word' id='word_1_54' title='bbox 81 918 335 980; x_wconf 83' lang='lat' dir='ltr'>consignata</span> <span class='ocrx_word' id='word_1_55' title='bbox 369 926 536 972; x_wconf 90' lang='lat' dir='ltr'>essent,</span> <span class='ocrx_word' id='word_1_56' title='bbox 573 915 821 962; x_wconf 88' lang='lat' dir='ltr'>aberratum</span> <span class='ocrx_word' id='word_1_57' title='bbox 854 923 929 959; x_wconf 88' lang='lat' dir='ltr'>est.</span> <span class='ocrx_word' id='word_1_58' title='bbox 964 941 1024 950; x_wconf 84' lang='lat'>--</span> <span class='ocrx_word' id='word_1_59' title='bbox 1094 911 1221 975; x_wconf 83' lang='lat' dir='ltr'>Quae</span> <span class='ocrx_word' id='word_1_60' title='bbox 1255 920 1387 967; x_wconf 86' lang='lat' dir='ltr'>ratio-</span> 
     </span>
     <span class='ocr_line' id='line_1_10' title="bbox 22 992 1386 1061; baseline -0.001 -17"><span class='ocrx_word' id='word_1_61' title='bbox 22 1048 24 1050; x_wconf 62' lang='grc'><strong>,</strong></span> <span class='ocrx_word' id='word_1_62' title='bbox 79 1016 158 1045; x_wconf 90' lang='lat' dir='ltr'>nes</span> <span class='ocrx_word' id='word_1_63' title='bbox 191 995 444 1061; x_wconf 83' lang='lat' dir='ltr'>impulerint</span> <span class='ocrx_word' id='word_1_64' title='bbox 476 996 679 1051; x_wconf 83' lang='lat' dir='ltr'>Saxiuni,</span> <span class='ocrx_word' id='word_1_65' title='bbox 715 1004 762 1039; x_wconf 86' lang='lat' dir='ltr'>ut</span> <span class='ocrx_word' id='word_1_66' title='bbox 795 993 954 1039; x_wconf 87' lang='lat' dir='ltr'>Onom.</span> <span class='ocrx_word' id='word_1_67' title='bbox 979 992 1010 1038; x_wconf 88' lang='lat' dir='ltr'>I.</span> <span class='ocrx_word' id='word_1_68' title='bbox 1037 1011 1079 1057; x_wconf 89' lang='lat' dir='ltr'>p.</span> <span class='ocrx_word' id='word_1_69' title='bbox 1105 997 1180 1041; x_wconf 81' lang='lat'>23.</span> <span class='ocrx_word' id='word_1_70' title='bbox 1213 1010 1386 1061; x_wconf 87' lang='lat' dir='ltr'>poetam</span> 
     </span>
     <span class='ocr_line' id='line_1_11' title="bbox 83 1073 1385 1138; baseline 0.002 -13"><span class='ocrx_word' id='word_1_71' title='bbox 83 1077 155 1125; x_wconf 89' lang='lat' dir='ltr'>Ol.</span> <span class='ocrx_word' id='word_1_72' title='bbox 188 1077 300 1134; x_wconf 75' lang='lat' dir='ltr'>LVI,</span> <span class='ocrx_word' id='word_1_73' title='bbox 332 1080 360 1123; x_wconf 84' lang='lat'><strong>3</strong></span> <span class='ocrx_word' id='word_1_74' title='bbox 395 1074 597 1121; x_wconf 86' lang='lat' dir='ltr'>floruisse</span> <span class='ocrx_word' id='word_1_75' title='bbox 633 1084 839 1138; x_wconf 79' lang='lat' dir='ltr'>poneret3</span> <span class='ocrx_word' id='word_1_76' title='bbox 894 1073 1150 1121; x_wconf 85' lang='lat' dir='ltr'>Passovium</span> <span class='ocrx_word' id='word_1_77' title='bbox 1185 1075 1231 1123; x_wconf 88' lang='lat' dir='ltr'>in</span> <span class='ocrx_word' id='word_1_78' title='bbox 1266 1078 1385 1128; x_wconf 89' lang='lat' dir='ltr'>clem.</span> 
     </span>
     <span class='ocr_line' id='line_1_12' title="bbox 82 1153 1388 1212; baseline 0.002 -8"><span class='ocrx_word' id='word_1_79' title='bbox 82 1158 183 1205; x_wconf 88' lang='lat' dir='ltr'>hist.</span> <span class='ocrx_word' id='word_1_80' title='bbox 217 1157 294 1204; x_wconf 88' lang='lat' dir='ltr'>Gr.</span> <span class='ocrx_word' id='word_1_81' title='bbox 330 1155 516 1212; x_wconf 88' lang='lat' dir='ltr'>lite1·ar.,</span> <span class='ocrx_word' id='word_1_82' title='bbox 563 1166 610 1201; x_wconf 88' lang='lat' dir='ltr'>ut</span> <span class='ocrx_word' id='word_1_83' title='bbox 645 1153 715 1200; x_wconf 92' lang='lat' dir='ltr'>Ol.</span> <span class='ocrx_word' id='word_1_84' title='bbox 752 1154 886 1212; x_wconf 79' lang='lat' dir='ltr'>LVII,</span> <span class='ocrx_word' id='word_1_85' title='bbox 920 1158 978 1212; x_wconf 80' lang='lat'>2,</span> <span class='ocrx_word' id='word_1_86' title='bbox 1021 1172 1111 1201; x_wconf 89' lang='lat' dir='ltr'>non</span> <span class='ocrx_word' id='word_1_87' title='bbox 1142 1155 1284 1205; x_wconf 80' lang='lat' dir='ltr'>habeo</span> <span class='ocrx_word' id='word_1_88' title='bbox 1321 1161 1388 1207; x_wconf 88' lang='lat' dir='ltr'>di-</span> 
     </span>
     <span class='ocr_line' id='line_1_13' title="bbox 85 1235 826 1286; baseline -0.007 -1"><span class='ocrx_word' id='word_1_89' title='bbox 85 1254 194 1286; x_wconf 90' lang='lat' dir='ltr'>cere.</span> <span class='ocrx_word' id='word_1_90' title='bbox 261 1235 386 1283; x_wconf 92' lang='lat' dir='ltr'>Alios</span> <span class='ocrx_word' id='word_1_91' title='bbox 415 1235 557 1282; x_wconf 88' lang='lat' dir='ltr'>sciens</span> <span class='ocrx_word' id='word_1_92' title='bbox 592 1235 728 1282; x_wconf 77' lang='lat' dir='ltr'>mitto.</span> <span class='ocrx_word' id='word_1_93' title='bbox 767 1264 826 1272; x_wconf 90' lang='lat'>-—</span> 
     </span>
    </p>

    <p class='ocr_par' dir='ltr' id='par_1_3' title="bbox 50 1313 1410 2667">
     <span class='ocr_line' id='line_1_14' title="bbox 215 1313 1389 1380; baseline -0.001 -18"><span class='ocrx_word' id='word_1_94' title='bbox 215 1315 306 1362; x_wconf 85' lang='lat' dir='ltr'>Sed</span> <span class='ocrx_word' id='word_1_95' title='bbox 335 1333 391 1362; x_wconf 91' lang='lat' dir='ltr'>ne</span> <span class='ocrx_word' id='word_1_96' title='bbox 435 1315 533 1380; x_wconf 85' lang='lat' dir='ltr'>quis</span> <span class='ocrx_word' id='word_1_97' title='bbox 570 1332 652 1362; x_wconf 92' lang='lat' dir='ltr'>nos</span> <span class='ocrx_word' id='word_1_98' title='bbox 698 1313 927 1361; x_wconf 87' lang='lat' dir='ltr'>socordiae</span> <span class='ocrx_word' id='word_1_99' title='bbox 963 1332 1061 1361; x_wconf 89' lang='lat' dir='ltr'>reos</span> <span class='ocrx_word' id='word_1_100' title='bbox 1108 1330 1232 1379; x_wconf 84' lang='lat' dir='ltr'>agat,</span> <span class='ocrx_word' id='word_1_101' title='bbox 1288 1323 1389 1368; x_wconf 83' lang='lat' dir='ltr'>red-</span> 
     </span>
     <span class='ocr_line' id='line_1_15' title="bbox 84 1395 1392 1460; baseline 0.002 -14"><span class='ocrx_word' id='word_1_102' title='bbox 84 1397 231 1446; x_wconf 89' lang='lat' dir='ltr'>denda</span> <span class='ocrx_word' id='word_1_103' title='bbox 252 1397 362 1444; x_wconf 80' lang='lat' dir='ltr'>ratio</span> <span class='ocrx_word' id='word_1_104' title='bbox 395 1407 485 1454; x_wconf 86' lang='lat' dir='ltr'>est,</span> <span class='ocrx_word' id='word_1_105' title='bbox 523 1415 601 1442; x_wconf 85' lang='lat' dir='ltr'>cur</span> <span class='ocrx_word' id='word_1_106' title='bbox 631 1395 922 1460; x_wconf 86' lang='lat' dir='ltr'>spreverimus</span> <span class='ocrx_word' id='word_1_107' title='bbox 959 1395 1080 1459; x_wconf 88' lang='lat' dir='ltr'>quod</span> <span class='ocrx_word' id='word_1_108' title='bbox 1110 1396 1273 1446; x_wconf 81' lang='lat' dir='ltr'>Suidae</span> <span class='ocrx_word' id='word_1_109' title='bbox 1299 1401 1392 1448; x_wconf 81' lang='lat' dir='ltr'>vul-</span> 
     </span>
     <span class='ocr_line' id='line_1_16' title="bbox 84 1475 1391 1544; baseline 0.003 -20"><span class='ocrx_word' id='word_1_110' title='bbox 84 1478 208 1542; x_wconf 86' lang='lat' dir='ltr'>garia</span> <span class='ocrx_word' id='word_1_111' title='bbox 251 1476 446 1542; x_wconf 84' lang='lat' dir='ltr'>exempla</span> <span class='ocrx_word' id='word_1_112' title='bbox 485 1476 667 1534; x_wconf 82' lang='lat' dir='ltr'>docent,</span> <span class='ocrx_word' id='word_1_113' title='bbox 721 1487 888 1541; x_wconf 90' lang='lat' dir='ltr'>patrem</span> <span class='ocrx_word' id='word_1_114' title='bbox 931 1475 1174 1542; x_wconf 87' lang='lat' dir='ltr'>Polycratis</span> <span class='ocrx_word' id='word_1_115' title='bbox 1217 1481 1391 1544; x_wconf 77' lang='lat' dir='ltr'>tyranni</span> 
     </span>
     <span class='ocr_line' id='line_1_17' title="bbox 85 1557 1392 1622; baseline 0.001 -16"><span class='ocrx_word' id='word_1_116' title='bbox 85 1557 224 1606; x_wconf 86' lang='lat' dir='ltr'>Samii</span> <span class='ocrx_word' id='word_1_117' title='bbox 250 1574 474 1620; x_wconf 83' lang='lat' dir='ltr'>regnasse,</span> <span class='ocrx_word' id='word_1_118' title='bbox 511 1575 648 1622; x_wconf 89' lang='lat' dir='ltr'>quum</span> <span class='ocrx_word' id='word_1_119' title='bbox 681 1557 868 1604; x_wconf 82' lang='lat' dir='ltr'>insulam</span> <span class='ocrx_word' id='word_1_120' title='bbox 895 1568 1022 1622; x_wconf 86' lang='lat' dir='ltr'>poeta</span> <span class='ocrx_word' id='word_1_121' title='bbox 1047 1569 1197 1605; x_wconf 89' lang='lat' dir='ltr'>noster</span> <span class='ocrx_word' id='word_1_122' title='bbox 1229 1560 1392 1616; x_wconf 83' lang='lat' dir='ltr'>adirct;</span> 
     </span>
     <span class='ocr_line' id='line_1_18' title="bbox 85 1630 1394 1702; baseline 0 -15"><span class='ocrx_word' id='word_1_123' title='bbox 85 1637 212 1687; x_wconf 87' lang='lat' dir='ltr'>Suid.</span> <span class='ocrx_word' id='word_1_124' title='bbox 246 1642 304 1688; x_wconf 86' lang='grc' dir='ltr'>εἰς</span> <span class='ocrx_word' id='word_1_125' title='bbox 337 1639 490 1694; x_wconf 79' lang='grc' dir='ltr'><em>Σάμον</em></span> <span class='ocrx_word' id='word_1_126' title='bbox 519 1631 665 1695; x_wconf 70' lang='grc' dir='ltr'><em>ἦλθεν</em></span> <span class='ocrx_word' id='word_1_127' title='bbox 680 1674 697 1701; x_wconf 83' lang='grc'>,</span> <span class='ocrx_word' id='word_1_128' title='bbox 732 1639 808 1685; x_wconf 82' lang='grc' dir='ltr'>ὅτε</span> <span class='ocrx_word' id='word_1_129' title='bbox 837 1640 984 1694; x_wconf 79' lang='grc' dir='ltr'><em>αὐτῆς</em></span> <span class='ocrx_word' id='word_1_130' title='bbox 1011 1630 1125 1699; x_wconf 75' lang='grc' dir='ltr'><em>ἦρχε</em></span> <span class='ocrx_word' id='word_1_131' title='bbox 1153 1644 1394 1702; x_wconf 76' lang='grc' dir='ltr'><strong><em>Πολυκρά-</em></strong></span> 
     </span>
     <span class='ocr_line' id='line_1_19' title="bbox 50 1716 1393 1783; baseline 0 -16"><span class='ocrx_word' id='word_1_132' title='bbox 50 1724 54 1727; x_wconf 75' lang='grc'><strong>’</strong></span> <span class='ocrx_word' id='word_1_133' title='bbox 86 1737 198 1783; x_wconf 84' lang='grc' dir='ltr'><strong><em>της,</em></strong></span> <span class='ocrx_word' id='word_1_134' title='bbox 258 1722 287 1767; x_wconf 82' lang='lat'>0‘</span> <span class='ocrx_word' id='word_1_135' title='bbox 319 1720 402 1766; x_wconf 81' lang='grc' dir='ltr'>τοῦ</span> <span class='ocrx_word' id='word_1_136' title='bbox 438 1720 665 1780; x_wconf 78' lang='grc' dir='ltr'><em>τυράννου</em></span> <span class='ocrx_word' id='word_1_137' title='bbox 700 1719 869 1779; x_wconf 75' lang='grc' dir='ltr'><strong><em>πατὴρ.</em></strong></span> <span class='ocrx_word' id='word_1_138' title='bbox 957 1716 1084 1778; x_wconf 78' lang='lat' dir='ltr'>Quae</span> <span class='ocrx_word' id='word_1_139' title='bbox 1119 1718 1251 1765; x_wconf 87' lang='lat' dir='ltr'>verba</span> <span class='ocrx_word' id='word_1_140' title='bbox 1284 1720 1393 1767; x_wconf 88' lang='lat' dir='ltr'>adeo</span> 
     </span>
     <span class='ocr_line' id='line_1_20' title="bbox 86 1796 1396 1861; baseline -0.001 -13"><span class='ocrx_word' id='word_1_141' title='bbox 86 1811 309 1848; x_wconf 85' lang='lat' dir='ltr'>torserunt</span> <span class='ocrx_word' id='word_1_142' title='bbox 337 1816 545 1861; x_wconf 84' lang='lat' dir='ltr'>magnum</span> <span class='ocrx_word' id='word_1_143' title='bbox 580 1798 853 1855; x_wconf 86' lang='lat' dir='ltr'>Bentleium,</span> <span class='ocrx_word' id='word_1_144' title='bbox 903 1808 953 1844; x_wconf 91' lang='lat' dir='ltr'>ut</span> <span class='ocrx_word' id='word_1_145' title='bbox 986 1797 1032 1843; x_wconf 88' lang='lat' dir='ltr'>in</span> <span class='ocrx_word' id='word_1_146' title='bbox 1073 1796 1154 1844; x_wconf 92' lang='lat' dir='ltr'>hac</span> <span class='ocrx_word' id='word_1_147' title='bbox 1187 1797 1396 1847; x_wconf 83' lang='lat' dir='ltr'>historiae</span> 
     </span>
     <span class='ocr_line' id='line_1_21' title="bbox 85 1877 1394 1946; baseline -0.002 -18"><span class='ocrx_word' id='word_1_148' title='bbox 85 1891 210 1946; x_wconf 88' lang='lat' dir='ltr'>parte</span> <span class='ocrx_word' id='word_1_149' title='bbox 243 1899 290 1928; x_wconf 91' lang='lat' dir='ltr'>se</span> <span class='ocrx_word' id='word_1_150' title='bbox 318 1880 531 1928; x_wconf 87' lang='lat' dir='ltr'>caecutire</span> <span class='ocrx_word' id='word_1_151' title='bbox 558 1879 837 1944; x_wconf 87' lang='lat' dir='ltr'>profiteretur</span> <span class='ocrx_word' id='word_1_152' title='bbox 858 1878 969 1944; x_wconf 90' lang='lat' dir='ltr'>ipse,</span> <span class='ocrx_word' id='word_1_153' title='bbox 1005 1877 1195 1942; x_wconf 89' lang='lat' dir='ltr'>Opuscc.</span> <span class='ocrx_word' id='word_1_154' title='bbox 1221 1898 1262 1944; x_wconf 94' lang='lat' dir='ltr'>p.</span> <span class='ocrx_word' id='word_1_155' title='bbox 1290 1882 1394 1928; x_wconf 79' lang='lat'><strong>186.</strong></span> 
     </span>
     <span class='ocr_line' id='line_1_22' title="bbox 86 1959 1398 2026; baseline -0.002 -17"><span class='ocrx_word' id='word_1_156' title='bbox 86 1962 200 2010; x_wconf 87' lang='lat' dir='ltr'>Nam</span> <span class='ocrx_word' id='word_1_157' title='bbox 233 1980 370 2026; x_wconf 89' lang='lat' dir='ltr'>quum</span> <span class='ocrx_word' id='word_1_158' title='bbox 399 1960 532 2008; x_wconf 85' lang='lat' dir='ltr'>verba</span> <span class='ocrx_word' id='word_1_159' title='bbox 567 1959 685 2007; x_wconf 84' lang='lat' dir='ltr'>salva</span> <span class='ocrx_word' id='word_1_160' title='bbox 721 1971 893 2025; x_wconf 81' lang='lat' dir='ltr'>putaret</span> <span class='ocrx_word' id='word_1_161' title='bbox 929 1977 1047 2017; x_wconf 88' lang='lat' dir='ltr'>esse,</span> <span class='ocrx_word' id='word_1_162' title='bbox 1093 1977 1278 2021; x_wconf 83' lang='lat' dir='ltr'>regnum</span> <span class='ocrx_word' id='word_1_163' title='bbox 1320 1978 1398 2025; x_wconf 90' lang='lat' dir='ltr'>pa-</span> 
     </span>
     <span class='ocr_line' id='line_1_23' title="bbox 87 2039 1399 2109; baseline -0.002 -21"><span class='ocrx_word' id='word_1_164' title='bbox 87 2042 167 2088; x_wconf 84' lang='lat' dir='ltr'>tris</span> <span class='ocrx_word' id='word_1_165' title='bbox 210 2042 385 2109; x_wconf 81' lang='lat' dir='ltr'>tyranni</span> <span class='ocrx_word' id='word_1_166' title='bbox 429 2042 486 2088; x_wconf 87' lang='lat' dir='ltr'>ad</span> <span class='ocrx_word' id='word_1_167' title='bbox 529 2040 598 2088; x_wconf 91' lang='lat' dir='ltr'>Ol.</span> <span class='ocrx_word' id='word_1_168' title='bbox 640 2041 739 2087; x_wconf 90' lang='lat' dir='ltr'>LIV</span> <span class='ocrx_word' id='word_1_169' title='bbox 782 2058 807 2086; x_wconf 92' lang='lat' dir='ltr'>a</span> <span class='ocrx_word' id='word_1_170' title='bbox 853 2039 993 2087; x_wconf 83' lang='lat' dir='ltr'>Suida</span> <span class='ocrx_word' id='word_1_171' title='bbox 1027 2039 1182 2087; x_wconf 80' lang='lat' dir='ltr'>referri</span> <span class='ocrx_word' id='word_1_172' title='bbox 1216 2040 1399 2097; x_wconf 88' lang='lat' dir='ltr'>censuit,</span> 
     </span>
     <span class='ocr_line' id='line_1_24' title="bbox 91 2119 1402 2186; baseline -0.001 -19"><span class='ocrx_word' id='word_1_173' title='bbox 91 2139 228 2186; x_wconf 90' lang='lat' dir='ltr'>quum</span> <span class='ocrx_word' id='word_1_174' title='bbox 259 2121 377 2169; x_wconf 87' lang='lat' dir='ltr'>idem</span> <span class='ocrx_word' id='word_1_175' title='bbox 400 2121 562 2169; x_wconf 89' lang='lat' dir='ltr'>Suidas</span> <span class='ocrx_word' id='word_1_176' title='bbox 596 2139 629 2168; x_wconf 93' lang='lat' dir='ltr'>s.</span> <span class='ocrx_word' id='word_1_177' title='bbox 657 2139 692 2166; x_wconf 93' lang='lat' dir='ltr'>v.</span> <span class='ocrx_word' id='word_1_178' title='bbox 725 2126 968 2182; x_wconf 73' lang='grc' dir='ltr'><em>Ἀνακρέων</em></span> <span class='ocrx_word' id='word_1_179' title='bbox 990 2119 1127 2166; x_wconf 85' lang='lat' dir='ltr'>filium</span> <span class='ocrx_word' id='word_1_180' title='bbox 1157 2120 1402 2167; x_wconf 79' lang='lat' dir='ltr'>exercuisse</span> 
     </span>
     <span class='ocr_line' id='line_1_25' title="bbox 91 2198 1403 2266; baseline 0 -21"><span class='ocrx_word' id='word_1_181' title='bbox 91 2199 368 2266; x_wconf 81' lang='lat' dir='ltr'>tyrannidem</span> <span class='ocrx_word' id='word_1_182' title='bbox 404 2201 473 2248; x_wconf 91' lang='lat' dir='ltr'>Ol.</span> <span class='ocrx_word' id='word_1_183' title='bbox 507 2203 587 2250; x_wconf 87' lang='lat' dir='ltr'>LH</span> <span class='ocrx_word' id='word_1_184' title='bbox 620 2200 961 2266; x_wconf 88' lang='lat' dir='ltr'>perscripsisset.</span> <span class='ocrx_word' id='word_1_185' title='bbox 1040 2201 1108 2246; x_wconf 88' lang='lat' dir='ltr'>De</span> <span class='ocrx_word' id='word_1_186' title='bbox 1151 2211 1276 2264; x_wconf 86' lang='lat' dir='ltr'>patre</span> <span class='ocrx_word' id='word_1_187' title='bbox 1304 2198 1403 2246; x_wconf 89' lang='lat' dir='ltr'>illu-</span> 
     </span>
     <span class='ocr_line' id='line_1_26' title="bbox 95 2279 1404 2348; baseline -0.002 -21"><span class='ocrx_word' id='word_1_188' title='bbox 95 2280 195 2327; x_wconf 89' lang='lat' dir='ltr'>stris</span> <span class='ocrx_word' id='word_1_189' title='bbox 230 2282 404 2345; x_wconf 88' lang='lat' dir='ltr'>tyranni</span> <span class='ocrx_word' id='word_1_190' title='bbox 438 2281 682 2348; x_wconf 89' lang='lat' dir='ltr'>Polycratis</span> <span class='ocrx_word' id='word_1_191' title='bbox 714 2280 945 2348; x_wconf 89' lang='lat' dir='ltr'>Polycrate</span> <span class='ocrx_word' id='word_1_192' title='bbox 986 2290 1026 2325; x_wconf 90' lang='lat' dir='ltr'>et</span> <span class='ocrx_word' id='word_1_193' title='bbox 1062 2279 1141 2325; x_wconf 88' lang='lat' dir='ltr'>Lil.</span> <span class='ocrx_word' id='word_1_194' title='bbox 1180 2279 1404 2344; x_wconf 87' lang='lat' dir='ltr'>Gyraldus</span> 
     </span>
     <span class='ocr_line' id='line_1_27' title="bbox 95 2359 1407 2422; baseline 0 -16"><span class='ocrx_word' id='word_1_195' title='bbox 95 2360 199 2406; x_wconf 90' lang='lat' dir='ltr'>olim</span> <span class='ocrx_word' id='word_1_196' title='bbox 235 2360 520 2422; x_wconf 82' lang='lat' dir='ltr'>cogitaverat,</span> <span class='ocrx_word' id='word_1_197' title='bbox 555 2381 636 2410; x_wconf 89' lang='lat' dir='ltr'>nec</span> <span class='ocrx_word' id='word_1_198' title='bbox 670 2361 831 2407; x_wconf 85' lang='lat' dir='ltr'>salsum</span> <span class='ocrx_word' id='word_1_199' title='bbox 862 2359 909 2406; x_wconf 92' lang='lat' dir='ltr'>id</span> <span class='ocrx_word' id='word_1_200' title='bbox 942 2377 1036 2406; x_wconf 87' lang='lat' dir='ltr'>esse</span> <span class='ocrx_word' id='word_1_201' title='bbox 1073 2359 1214 2406; x_wconf 88' lang='lat' dir='ltr'>Clinto</span> <span class='ocrx_word' id='word_1_202' title='bbox 1247 2359 1407 2406; x_wconf 88' lang='lat' dir='ltr'>odora-</span> 
     </span>
     <span class='ocr_line' id='line_1_28' title="bbox 95 2439 1408 2505; baseline -0.001 -17"><span class='ocrx_word' id='word_1_203' title='bbox 95 2452 166 2488; x_wconf 91' lang='lat' dir='ltr'>tus</span> <span class='ocrx_word' id='word_1_204' title='bbox 209 2451 297 2498; x_wconf 88' lang='lat' dir='ltr'>est,</span> <span class='ocrx_word' id='word_1_205' title='bbox 351 2441 426 2505; x_wconf 87' lang='lat' dir='ltr'>qui</span> <span class='ocrx_word' id='word_1_206' title='bbox 459 2442 507 2487; x_wconf 87' lang='lat' dir='ltr'>in</span> <span class='ocrx_word' id='word_1_207' title='bbox 539 2442 653 2488; x_wconf 86' lang='lat' dir='ltr'>fastt.</span> <span class='ocrx_word' id='word_1_208' title='bbox 699 2439 807 2487; x_wconf 86' lang='lat' dir='ltr'>Hell.</span> <span class='ocrx_word' id='word_1_209' title='bbox 854 2441 938 2487; x_wconf 90' lang='lat' dir='ltr'>sub</span> <span class='ocrx_word' id='word_1_210' title='bbox 982 2439 1052 2487; x_wconf 92' lang='lat' dir='ltr'>Ol.</span> <span class='ocrx_word' id='word_1_211' title='bbox 1087 2440 1254 2497; x_wconf 83' lang='lat' dir='ltr'>LVIII,</span> <span class='ocrx_word' id='word_1_212' title='bbox 1289 2444 1322 2486; x_wconf 81' lang='lat'>2</span> <span class='ocrx_word' id='word_1_213' title='bbox 1356 2458 1408 2487; x_wconf 88' lang='lat' dir='ltr'>ex</span> 
     </span>
     <span class='ocr_line' id='line_1_29' title="bbox 99 2520 1408 2586; baseline -0.001 -19"><span class='ocrx_word' id='word_1_214' title='bbox 99 2539 188 2567; x_wconf 92' lang='lat' dir='ltr'>uno</span> <span class='ocrx_word' id='word_1_215' title='bbox 225 2520 309 2568; x_wconf 92' lang='lat' dir='ltr'>hoc</span> <span class='ocrx_word' id='word_1_216' title='bbox 345 2521 509 2568; x_wconf 83' lang='lat' dir='ltr'>Suidae</span> <span class='ocrx_word' id='word_1_217' title='bbox 541 2521 721 2569; x_wconf 87' lang='lat' dir='ltr'>articulo</span> <span class='ocrx_word' id='word_1_218' title='bbox 756 2522 966 2586; x_wconf 88' lang='lat' dir='ltr'>majorem</span> <span class='ocrx_word' id='word_1_219' title='bbox 989 2520 1265 2586; x_wconf 79' lang='lat' dir='ltr'>Polycratem</span> <span class='ocrx_word' id='word_1_220' title='bbox 1291 2538 1408 2568; x_wconf 89' lang='lat' dir='ltr'>com-</span> 
     </span>
     <span class='ocr_line' id='line_1_30' title="bbox 101 2599 1410 2667; baseline -0.002 -18"><span class='ocrx_word' id='word_1_221' title='bbox 101 2612 273 2649; x_wconf 86' lang='lat' dir='ltr'>mentus</span> <span class='ocrx_word' id='word_1_222' title='bbox 296 2602 363 2649; x_wconf 84' lang='lat' dir='ltr'>sit.</span> <span class='ocrx_word' id='word_1_223' title='bbox 425 2602 578 2649; x_wconf 87' lang='lat' dir='ltr'>Errori</span> <span class='ocrx_word' id='word_1_224' title='bbox 603 2602 894 2667; x_wconf 83' lang='lat' dir='ltr'>superstruxit</span> <span class='ocrx_word' id='word_1_225' title='bbox 914 2618 1105 2649; x_wconf 87' lang='lat' dir='ltr'>errorem</span> <span class='ocrx_word' id='word_1_226' title='bbox 1129 2599 1247 2648; x_wconf 87' lang='lat' dir='ltr'>idem</span> <span class='ocrx_word' id='word_1_227' title='bbox 1269 2601 1410 2648; x_wconf 87' lang='lat' dir='ltr'>Clinto</span> 
     </span>
    </p>
   </div>
   <div class='ocr_carea' id='block_1_3' title="bbox 1108 2682 1140 2726">
    <p class='ocr_par' dir='ltr' id='par_1_4' title="bbox 1108 2682 1140 2726">
     <span class='ocr_line' id='line_1_31' title="bbox 1108 2682 1140 2726; baseline 0 0"><span class='ocrx_word' id='word_1_228' title='bbox 1108 2682 1140 2726; x_wconf 83' lang='lat'><strong>2</strong></span> 
     </span>
    </p>
   </div>
  </div>
 </body>
</html>
