<?xml version="1.0" encoding="UTF-8"?>
<!DOCTYPE html PUBLIC "-//W3C//DTD XHTML 1.0 Transitional//EN"
    "http://www.w3.org/TR/xhtml1/DTD/xhtml1-transitional.dtd">
<html xmlns="http://www.w3.org/1999/xhtml" xml:lang="en" lang="en">
 <head>
  <title>
</title>
<meta http-equiv="Content-Type" content="text/html;charset=utf-8" />
  <meta name='ocr-system' content='tesseract 3.04.00' />
  <meta name='ocr-capabilities' content='ocr_page ocr_carea ocr_par ocr_line ocrx_word'/>
</head>
<body>
  <div class='ocr_page' id='page_1' title='image "./ibycirheginicarm00schnuoft_0132.png"; bbox 0 0 1677 3059; ppageno 0'>
   <div class='ocr_carea' id='block_1_1' title="bbox 689 195 1121 241">
    <p class='ocr_par' dir='ltr' id='par_1_1' title="bbox 689 195 1121 241">
     <span class='ocr_line' id='line_1_1' title="bbox 689 195 1121 241; baseline 0 0"><span class='ocrx_word' id='word_1_1' title='bbox 689 224 753 230; x_wconf 86' lang='lat'><strong>—-</strong></span> <span class='ocrx_word' id='word_1_2' title='bbox 862 195 956 241; x_wconf 86' lang='lat'><strong>102</strong></span> <span class='ocrx_word' id='word_1_3' title='bbox 1056 224 1121 232; x_wconf 91' lang='lat'><strong>—-</strong></span> 
     </span>
    </p>
   </div>
   <div class='ocr_carea' id='block_1_2' title="bbox 258 332 1596 2666">
    <p class='ocr_par' dir='ltr' id='par_1_2' title="bbox 258 332 1592 2499">
     <span class='ocr_line' id='line_1_2' title="bbox 258 332 1560 398; baseline 0.002 -20"><span class='ocrx_word' id='word_1_4' title='bbox 258 332 554 397; x_wconf 83' lang='lat' dir='ltr'><strong>Perspiciatur</strong></span> <span class='ocrx_word' id='word_1_5' title='bbox 600 351 651 380; x_wconf 86' lang='lat' dir='ltr'><strong>ex</strong></span> <span class='ocrx_word' id='word_1_6' title='bbox 695 332 764 380; x_wconf 89' lang='lat' dir='ltr'><strong>his</strong></span> <span class='ocrx_word' id='word_1_7' title='bbox 812 332 1043 398; x_wconf 77' lang='lat' dir='ltr'><strong>exemplis,</strong></span> <span class='ocrx_word' id='word_1_8' title='bbox 1101 333 1247 379; x_wconf 83' lang='lat' dir='ltr'><strong>iterari</strong></span> <span class='ocrx_word' id='word_1_9' title='bbox 1281 332 1428 380; x_wconf 78' lang='lat' dir='ltr'><strong>solitas</strong></span> <span class='ocrx_word' id='word_1_10' title='bbox 1466 350 1560 380; x_wconf 77' lang='lat' dir='ltr'><strong>esse</strong></span> 
     </span>
     <span class='ocr_line' id='line_1_3' title="bbox 259 412 1562 480; baseline 0.001 -21"><span class='ocrx_word' id='word_1_11' title='bbox 259 430 331 460; x_wconf 86' lang='lat' dir='ltr'><strong>eas</strong></span> <span class='ocrx_word' id='word_1_12' title='bbox 374 414 548 461; x_wconf 80' lang='lat' dir='ltr'><strong>voculas</strong></span> <span class='ocrx_word' id='word_1_13' title='bbox 582 414 827 472; x_wconf 83' lang='lat' dir='ltr'><strong>tenuiores,</strong></span> <span class='ocrx_word' id='word_1_14' title='bbox 881 432 989 480; x_wconf 83' lang='lat' dir='ltr'><strong>quas</strong></span> <span class='ocrx_word' id='word_1_15' title='bbox 1023 412 1169 459; x_wconf 88' lang='lat' dir='ltr'><strong>minus</strong></span> <span class='ocrx_word' id='word_1_16' title='bbox 1205 423 1362 461; x_wconf 79' lang='lat' dir='ltr'><strong>attenta</strong></span> <span class='ocrx_word' id='word_1_17' title='bbox 1397 414 1562 462; x_wconf 80' lang='lat' dir='ltr'>auditio</span> 
     </span>
     <span class='ocr_line' id='line_1_4' title="bbox 259 492 1562 559; baseline 0.002 -21"><span class='ocrx_word' id='word_1_18' title='bbox 259 493 429 540; x_wconf 85' lang='lat' dir='ltr'>facilius</span> <span class='ocrx_word' id='word_1_19' title='bbox 464 494 834 559; x_wconf 78' lang='lat' dir='ltr'><strong>praetermitteret.</strong></span> <span class='ocrx_word' id='word_1_20' title='bbox 912 495 974 540; x_wconf 92' lang='lat' dir='ltr'><strong>Ut</strong></span> <span class='ocrx_word' id='word_1_21' title='bbox 1007 494 1142 556; x_wconf 84' lang='lat' dir='ltr'><strong>igitur</strong></span> <span class='ocrx_word' id='word_1_22' title='bbox 1176 492 1262 539; x_wconf 85' lang='lat' dir='ltr'><strong>illis</strong></span> <span class='ocrx_word' id='word_1_23' title='bbox 1305 494 1411 543; x_wconf 92' lang='lat' dir='ltr'><strong>locis</strong></span> <span class='ocrx_word' id='word_1_24' title='bbox 1445 505 1562 551; x_wconf 83' lang='lat' dir='ltr'><strong>sunt,</strong></span> 
     </span>
     <span class='ocr_line' id='line_1_5' title="bbox 262 572 1566 640; baseline 0.002 -21"><span class='ocrx_word' id='word_1_25' title='bbox 262 574 336 637; x_wconf 87' lang='lat' dir='ltr'><strong>qui</strong></span> <span class='ocrx_word' id='word_1_26' title='bbox 370 593 613 638; x_wconf 85' lang='lat' dir='ltr'>pronomen</span> <span class='ocrx_word' id='word_1_27' title='bbox 646 575 779 622; x_wconf 80' lang='lat' dir='ltr'><strong>altero</strong></span> <span class='ocrx_word' id='word_1_28' title='bbox 815 575 910 622; x_wconf 89' lang='lat' dir='ltr'><strong>loco</strong></span> <span class='ocrx_word' id='word_1_29' title='bbox 945 575 1151 638; x_wconf 83' lang='lat' dir='ltr'><strong>ignorant</strong></span> <span class='ocrx_word' id='word_1_30' title='bbox 1180 572 1308 632; x_wconf 82' lang='lat' dir='ltr'>libri,</span> <span class='ocrx_word' id='word_1_31' title='bbox 1353 577 1413 622; x_wconf 86' lang='lat' dir='ltr'><strong>ita</strong></span> <span class='ocrx_word' id='word_1_32' title='bbox 1446 573 1566 640; x_wconf 87' lang='lat' dir='ltr'><strong>apud</strong></span> 
     </span>
     <span class='ocr_line' id='line_1_6' title="bbox 260 655 1567 722; baseline 0 -21"><span class='ocrx_word' id='word_1_33' title='bbox 260 655 445 722; x_wconf 84' lang='lat' dir='ltr'>Ibycum</span> <span class='ocrx_word' id='word_1_34' title='bbox 474 656 699 703; x_wconf 85' lang='lat' dir='ltr'><strong>induxisse</strong></span> <span class='ocrx_word' id='word_1_35' title='bbox 721 656 924 702; x_wconf 73' lang='lat' dir='ltr'><strong>videntur</strong></span> <span class='ocrx_word' id='word_1_36' title='bbox 956 657 1188 703; x_wconf 81' lang='lat' dir='ltr'><strong>oscitantes</strong></span> <span class='ocrx_word' id='word_1_37' title='bbox 1210 656 1390 703; x_wconf 82' lang='lat' dir='ltr'><strong>librarii.</strong></span> <span class='ocrx_word' id='word_1_38' title='bbox 1448 658 1567 703; x_wconf 76' lang='grc' dir='ltr'><em>Βάλ-</em></span> 
     </span>
     <span class='ocr_line' id='line_1_7' title="bbox 261 735 1569 803; baseline -0.001 -21"><span class='ocrx_word' id='word_1_39' title='bbox 261 743 326 783; x_wconf 81' lang='grc' dir='ltr'><strong>λει</strong></span> <span class='ocrx_word' id='word_1_40' title='bbox 361 736 525 784; x_wconf 87' lang='lat' dir='ltr'><strong>dictum</strong></span> <span class='ocrx_word' id='word_1_41' title='bbox 560 737 614 784; x_wconf 88' lang='lat' dir='ltr'><strong>de</strong></span> <span class='ocrx_word' id='word_1_42' title='bbox 659 748 842 791; x_wconf 85' lang='lat' dir='ltr'><strong>conatu,</strong></span> <span class='ocrx_word' id='word_1_43' title='bbox 900 736 1021 801; x_wconf 90' lang='lat' dir='ltr'><strong>quod</strong></span> <span class='ocrx_word' id='word_1_44' title='bbox 1057 737 1279 803; x_wconf 90' lang='lat' dir='ltr'><strong>quomodo</strong></span> <span class='ocrx_word' id='word_1_45' title='bbox 1322 735 1569 799; x_wconf 84' lang='lat' dir='ltr'><strong>intelligen-</strong></span> 
     </span>
     <span class='ocr_line' id='line_1_8' title="bbox 264 817 1569 875; baseline 0 -12"><span class='ocrx_word' id='word_1_46' title='bbox 264 818 369 864; x_wconf 90' lang='lat' dir='ltr'><strong>dum</strong></span> <span class='ocrx_word' id='word_1_47' title='bbox 414 819 491 875; x_wconf 85' lang='lat' dir='ltr'><strong>sit,</strong></span> <span class='ocrx_word' id='word_1_48' title='bbox 551 818 700 866; x_wconf 89' lang='lat' dir='ltr'><strong>docuit</strong></span> <span class='ocrx_word' id='word_1_49' title='bbox 742 817 915 864; x_wconf 88' lang='lat' dir='ltr'><strong>Dissen.</strong></span> <span class='ocrx_word' id='word_1_50' title='bbox 961 818 1091 865; x_wconf 86' lang='lat' dir='ltr'><strong>Pind.</strong></span> <span class='ocrx_word' id='word_1_51' title='bbox 1137 817 1206 865; x_wconf 92' lang='lat' dir='ltr'><strong>Ol.</strong></span> <span class='ocrx_word' id='word_1_52' title='bbox 1242 819 1361 875; x_wconf 82' lang='lat' dir='ltr'>XIII,</span> <span class='ocrx_word' id='word_1_53' title='bbox 1397 818 1472 864; x_wconf 86' lang='lat'><strong>59.</strong></span> <span class='ocrx_word' id='word_1_54' title='bbox 1507 845 1569 854; x_wconf 91' lang='lat'><strong>-—</strong></span> 
     </span>
     <span class='ocr_line' id='line_1_9' title="bbox 265 898 1572 965; baseline -0.002 -19"><span class='ocrx_word' id='word_1_55' title='bbox 265 899 548 965; x_wconf 79' lang='lat' dir='ltr'>Scripseram.</span> <span class='ocrx_word' id='word_1_56' title='bbox 627 898 717 946; x_wconf 86' lang='lat' dir='ltr'><strong>Sed</strong></span> <span class='ocrx_word' id='word_1_57' title='bbox 751 918 885 963; x_wconf 90' lang='lat' dir='ltr'><strong>quum</strong></span> <span class='ocrx_word' id='word_1_58' title='bbox 917 899 1132 965; x_wconf 79' lang='lat' dir='ltr'><strong>interpres</strong></span> <span class='ocrx_word' id='word_1_59' title='bbox 1167 900 1314 947; x_wconf 87' lang='lat' dir='ltr'><strong>Procli</strong></span> <span class='ocrx_word' id='word_1_60' title='bbox 1349 898 1572 964; x_wconf 81' lang='lat' dir='ltr'><strong>praeteriti</strong></span> 
     </span>
     <span class='ocr_line' id='line_1_10' title="bbox 265 978 1572 1045; baseline 0.001 -20"><span class='ocrx_word' id='word_1_61' title='bbox 265 980 472 1044; x_wconf 86' lang='lat' dir='ltr'><strong>temporis</strong></span> <span class='ocrx_word' id='word_1_62' title='bbox 509 978 694 1025; x_wconf 82' lang='lat' dir='ltr'><strong>formam</strong></span> <span class='ocrx_word' id='word_1_63' title='bbox 718 978 894 1041; x_wconf 85' lang='lat' dir='ltr'><strong>legerit,</strong></span> <span class='ocrx_word' id='word_1_64' title='bbox 929 980 1136 1045; x_wconf 76' lang='lat' dir='ltr'><strong>rescripsi</strong></span> <span class='ocrx_word' id='word_1_65' title='bbox 1164 981 1311 1045; x_wconf 86' lang='lat' dir='ltr'><strong>potius</strong></span> <span class='ocrx_word' id='word_1_66' title='bbox 1338 986 1572 1043; x_wconf 66' lang='grc' dir='ltr'><em>εἰςὲβαλεν,</em></span> 
     </span>
     <span class='ocr_line' id='line_1_11' title="bbox 266 1058 1574 1126; baseline -0.002 -18"><span class='ocrx_word' id='word_1_67' title='bbox 266 1061 439 1107; x_wconf 78' lang='lat' dir='ltr'><strong>hortatu</strong></span> <span class='ocrx_word' id='word_1_68' title='bbox 461 1062 691 1116; x_wconf 72' lang='lat' dir='ltr'><strong>Dissenz&#39;i,</strong></span> <span class='ocrx_word' id='word_1_69' title='bbox 726 1058 801 1124; x_wconf 85' lang='lat' dir='ltr'><strong>qui</strong></span> <span class='ocrx_word' id='word_1_70' title='bbox 829 1069 921 1106; x_wconf 92' lang='lat' dir='ltr'><strong>tum</strong></span> <span class='ocrx_word' id='word_1_71' title='bbox 944 1059 1120 1107; x_wconf 90' lang='lat' dir='ltr'><strong>demum</strong></span> <span class='ocrx_word' id='word_1_72' title='bbox 1138 1061 1440 1126; x_wconf 82' lang='lat' dir='ltr'><strong>repetitionem</strong></span> <span class='ocrx_word' id='word_1_73' title='bbox 1467 1077 1574 1125; x_wconf 90' lang='lat' dir='ltr'><strong>pro-</strong></span> 
     </span>
     <span class='ocr_line' id='line_1_12' title="bbox 266 1139 1575 1207; baseline 0 -19"><span class='ocrx_word' id='word_1_74' title='bbox 266 1143 455 1188; x_wconf 83' lang='lat' dir='ltr'><strong>nominis</strong></span> <span class='ocrx_word' id='word_1_75' title='bbox 477 1140 720 1207; x_wconf 83' lang='lat' dir='ltr'><strong>personalis</strong></span> <span class='ocrx_word' id='word_1_76' title='bbox 743 1140 955 1188; x_wconf 84' lang='lat' dir='ltr'><strong>rationem</strong></span> <span class='ocrx_word' id='word_1_77' title='bbox 977 1140 1140 1187; x_wconf 88' lang='lat' dir='ltr'><strong>habere</strong></span> <span class='ocrx_word' id='word_1_78' title='bbox 1159 1158 1228 1188; x_wconf 89' lang='lat' dir='ltr'><strong>me</strong></span> <span class='ocrx_word' id='word_1_79' title='bbox 1251 1139 1412 1198; x_wconf 84' lang='lat' dir='ltr'><strong>docuit,</strong></span> <span class='ocrx_word' id='word_1_80' title='bbox 1438 1159 1575 1205; x_wconf 87' lang='lat' dir='ltr'><strong>quum</strong></span> 
     </span>
     <span class='ocr_line' id='line_1_13' title="bbox 269 1221 1575 1287; baseline -0.001 -18"><span class='ocrx_word' id='word_1_81' title='bbox 269 1224 388 1270; x_wconf 82' lang='lat' dir='ltr'><strong>aliud</strong></span> <span class='ocrx_word' id='word_1_82' title='bbox 414 1222 658 1269; x_wconf 84' lang='lat' dir='ltr'><strong>membrum</strong></span> <span class='ocrx_word' id='word_1_83' title='bbox 693 1221 902 1268; x_wconf 85' lang='lat' dir='ltr'><strong>orationis</strong></span> <span class='ocrx_word' id='word_1_84' title='bbox 931 1222 1239 1287; x_wconf 86' lang='lat' dir='ltr'><strong>interpositum</strong></span> <span class='ocrx_word' id='word_1_85' title='bbox 1265 1222 1320 1268; x_wconf 87' lang='lat' dir='ltr'><strong>sit</strong></span> <span class='ocrx_word' id='word_1_86' title='bbox 1343 1221 1575 1284; x_wconf 76' lang='lat' dir='ltr'><strong>integrum.</strong></span> 
     </span>
     <span class='ocr_line' id='line_1_14' title="bbox 270 1296 1577 1367; baseline -0.001 -18"><span class='ocrx_word' id='word_1_87' title='bbox 270 1334 331 1341; x_wconf 87' lang='lat'><strong>—-</strong></span> <span class='ocrx_word' id='word_1_88' title='bbox 367 1306 409 1349; x_wconf 85' lang='lat'><strong>3.</strong></span> <span class='ocrx_word' id='word_1_89' title='bbox 440 1296 470 1361; x_wconf 75' lang='grc' dir='ltr'><em>ἦ</em></span> <span class='ocrx_word' id='word_1_90' title='bbox 493 1307 587 1361; x_wconf 68' lang='grc' dir='ltr'><strong>μάν</strong></span> <span class='ocrx_word' id='word_1_91' title='bbox 608 1308 785 1365; x_wconf 77' lang='grc' dir='ltr'><em>τρομέω</em></span> <span class='ocrx_word' id='word_1_92' title='bbox 806 1305 860 1350; x_wconf 81' lang='grc' dir='ltr'><strong>ἲν.</strong></span> <span class='ocrx_word' id='word_1_93' title='bbox 895 1304 1043 1350; x_wconf 89' lang='lat' dir='ltr'><strong>Ursin.</strong></span> <span class='ocrx_word' id='word_1_94' title='bbox 1066 1309 1269 1365; x_wconf 74' lang='grc' dir='ltr'><em>τρομέων</em></span> <span class='ocrx_word' id='word_1_95' title='bbox 1288 1305 1350 1367; x_wconf 79' lang='grc' dir='ltr'><strong>ἲν,</strong></span> <span class='ocrx_word' id='word_1_96' title='bbox 1385 1302 1577 1349; x_wconf 81' lang='lat' dir='ltr'><strong>Darmst.</strong></span> 
     </span>
     <span class='ocr_line' id='line_1_15' title="bbox 270 1384 1576 1449; baseline -0.002 -17"><span class='ocrx_word' id='word_1_97' title='bbox 270 1391 471 1447; x_wconf 76' lang='grc' dir='ltr'><em>τρομέων</em></span> <span class='ocrx_word' id='word_1_98' title='bbox 504 1388 578 1448; x_wconf 73' lang='grc' dir='ltr'><strong>ἵν’,</strong></span> <span class='ocrx_word' id='word_1_99' title='bbox 624 1384 741 1431; x_wconf 91' lang='lat' dir='ltr'><strong>unde</strong></span> <span class='ocrx_word' id='word_1_100' title='bbox 773 1384 970 1431; x_wconf 89' lang='lat' dir='ltr'><strong>Koenius</strong></span> <span class='ocrx_word' id='word_1_101' title='bbox 1004 1385 1052 1431; x_wconf 90' lang='lat' dir='ltr'><strong>in</strong></span> <span class='ocrx_word' id='word_1_102' title='bbox 1088 1384 1221 1447; x_wconf 83' lang='lat' dir='ltr'><strong>Greg.</strong></span> <span class='ocrx_word' id='word_1_103' title='bbox 1259 1384 1355 1430; x_wconf 89' lang='lat' dir='ltr'><strong>Cor.</strong></span> <span class='ocrx_word' id='word_1_104' title='bbox 1390 1403 1432 1449; x_wconf 89' lang='lat' dir='ltr'><strong>p.</strong></span> <span class='ocrx_word' id='word_1_105' title='bbox 1467 1384 1576 1432; x_wconf 84' lang='lat'>228.</span> 
     </span>
     <span class='ocr_line' id='line_1_16' title="bbox 271 1464 1581 1530; baseline -0.001 -16"><span class='ocrx_word' id='word_1_106' title='bbox 271 1466 443 1514; x_wconf 71' lang='lat' dir='ltr'><strong>Schaefi</strong></span> <span class='ocrx_word' id='word_1_107' title='bbox 518 1471 692 1527; x_wconf 69' lang='grc' dir='ltr'><em>τρομέω</em></span> <span class='ocrx_word' id='word_1_108' title='bbox 732 1483 801 1513; x_wconf 82' lang='grc' dir='ltr'><strong>νιν</strong></span> <span class='ocrx_word' id='word_1_109' title='bbox 835 1465 1079 1513; x_wconf 88' lang='lat' dir='ltr'><strong>emendavit</strong></span> <span class='ocrx_word' id='word_1_110' title='bbox 1118 1464 1254 1530; x_wconf 89' lang='lat' dir='ltr'><strong>idque</strong></span> <span class='ocrx_word' id='word_1_111' title='bbox 1294 1482 1445 1512; x_wconf 88' lang='lat' dir='ltr'><strong>omnes</strong></span> <span class='ocrx_word' id='word_1_112' title='bbox 1487 1465 1581 1513; x_wconf 84' lang='lat' dir='ltr'><strong>fere</strong></span> 
     </span>
     <span class='ocr_line' id='line_1_17' title="bbox 272 1546 1578 1610; baseline -0.002 -15"><span class='ocrx_word' id='word_1_113' title='bbox 272 1547 535 1595; x_wconf 83' lang='lat' dir='ltr'><strong>recentiores</strong></span> <span class='ocrx_word' id='word_1_114' title='bbox 579 1546 656 1592; x_wconf 77' lang='lat' dir='ltr'><strong>viri</strong></span> <span class='ocrx_word' id='word_1_115' title='bbox 708 1546 826 1593; x_wconf 88' lang='lat' dir='ltr'><strong>docti</strong></span> <span class='ocrx_word' id='word_1_116' title='bbox 870 1563 962 1592; x_wconf 86' lang='lat' dir='ltr'><strong>non</strong></span> <span class='ocrx_word' id='word_1_117' title='bbox 1008 1557 1262 1593; x_wconf 83' lang='lat' dir='ltr'><strong>cunctanter</strong></span> <span class='ocrx_word' id='word_1_118' title='bbox 1306 1557 1578 1610; x_wconf 82' lang='lat' dir='ltr'><strong>receperunt.</strong></span> 
     </span>
     <span class='ocr_line' id='line_1_18' title="bbox 274 1626 1579 1693; baseline -0.002 -17"><span class='ocrx_word' id='word_1_119' title='bbox 274 1629 365 1676; x_wconf 89' lang='lat' dir='ltr'><strong>Sed</strong></span> <span class='ocrx_word' id='word_1_120' title='bbox 399 1628 525 1693; x_wconf 86' lang='lat' dir='ltr'><strong>plura</strong></span> <span class='ocrx_word' id='word_1_121' title='bbox 555 1637 774 1673; x_wconf 89' lang='lat' dir='ltr'><strong>momenta</strong></span> <span class='ocrx_word' id='word_1_122' title='bbox 808 1627 1053 1674; x_wconf 85' lang='lat' dir='ltr'><strong>cautionem</strong></span> <span class='ocrx_word' id='word_1_123' title='bbox 1086 1626 1245 1674; x_wconf 89' lang='lat' dir='ltr'><strong>docent</strong></span> <span class='ocrx_word' id='word_1_124' title='bbox 1271 1626 1579 1673; x_wconf 83' lang='lat' dir='ltr'><strong>adhibendam.</strong></span> 
     </span>
     <span class='ocr_line' id='line_1_19' title="bbox 274 1706 1584 1773; baseline -0.002 -16"><span class='ocrx_word' id='word_1_125' title='bbox 274 1712 386 1757; x_wconf 80' lang='lat' dir='ltr'><strong>Nam</strong></span> <span class='ocrx_word' id='word_1_126' title='bbox 420 1708 633 1773; x_wconf 85' lang='lat' dir='ltr'><strong>primum,</strong></span> <span class='ocrx_word' id='word_1_127' title='bbox 687 1707 763 1772; x_wconf 89' lang='lat' dir='ltr'><strong>qui</strong></span> <span class='ocrx_word' id='word_1_128' title='bbox 797 1707 962 1754; x_wconf 81' lang='lat' dir='ltr'><strong>factum</strong></span> <span class='ocrx_word' id='word_1_129' title='bbox 995 1718 1084 1765; x_wconf 76' lang='lat' dir='ltr'><strong>est,</strong></span> <span class='ocrx_word' id='word_1_130' title='bbox 1133 1717 1184 1753; x_wconf 93' lang='lat' dir='ltr'><strong>ut</strong></span> <span class='ocrx_word' id='word_1_131' title='bbox 1216 1706 1358 1754; x_wconf 85' lang='lat' dir='ltr'><strong>forma</strong></span> <span class='ocrx_word' id='word_1_132' title='bbox 1391 1726 1482 1755; x_wconf 88' lang='lat' dir='ltr'><strong>non</strong></span> <span class='ocrx_word' id='word_1_133' title='bbox 1514 1709 1584 1755; x_wconf 86' lang='lat' dir='ltr'><strong>in-</strong></span> 
     </span>
     <span class='ocr_line' id='line_1_20' title="bbox 275 1787 1584 1855; baseline -0.002 -18"><span class='ocrx_word' id='word_1_134' title='bbox 275 1791 483 1855; x_wconf 86' lang='lat' dir='ltr'><strong>frequens</strong></span> <span class='ocrx_word' id='word_1_135' title='bbox 527 1805 596 1836; x_wconf 84' lang='grc' dir='ltr'><strong>νιν</strong></span> <span class='ocrx_word' id='word_1_136' title='bbox 640 1787 695 1834; x_wconf 87' lang='lat' dir='ltr'><strong>ab</strong></span> <span class='ocrx_word' id='word_1_137' title='bbox 741 1787 933 1835; x_wconf 83' lang='lat' dir='ltr'><strong>librariis</strong></span> <span class='ocrx_word' id='word_1_138' title='bbox 979 1800 1191 1854; x_wconf 84' lang='lat' dir='ltr'><strong>quantum</strong></span> <span class='ocrx_word' id='word_1_139' title='bbox 1232 1800 1401 1836; x_wconf 81' lang='lat' dir='ltr'><strong>constat</strong></span> <span class='ocrx_word' id='word_1_140' title='bbox 1443 1789 1584 1835; x_wconf 88' lang='lat' dir='ltr'><strong>omni-</strong></span> 
     </span>
     <span class='ocr_line' id='line_1_21' title="bbox 276 1867 1587 1935; baseline -0.002 -16"><span class='ocrx_word' id='word_1_141' title='bbox 276 1873 361 1920; x_wconf 90' lang='lat' dir='ltr'><strong>bus</strong></span> <span class='ocrx_word' id='word_1_142' title='bbox 395 1869 593 1933; x_wconf 79' lang='lat' dir='ltr'><strong>neglecta</strong></span> <span class='ocrx_word' id='word_1_143' title='bbox 632 1867 1018 1934; x_wconf 83' lang='lat' dir='ltr'><strong>deprehendatur?</strong></span> <span class='ocrx_word' id='word_1_144' title='bbox 1093 1869 1298 1917; x_wconf 87' lang='lat' dir='ltr'><strong>Secundo</strong></span> <span class='ocrx_word' id='word_1_145' title='bbox 1333 1869 1428 1918; x_wconf 89' lang='lat' dir='ltr'><strong>loco</strong></span> <span class='ocrx_word' id='word_1_146' title='bbox 1465 1870 1587 1935; x_wconf 84' lang='lat' dir='ltr'><strong>apud</strong></span> 
     </span>
     <span class='ocr_line' id='line_1_22' title="bbox 277 1950 1586 2017; baseline -0.003 -16"><span class='ocrx_word' id='word_1_147' title='bbox 277 1952 418 2000; x_wconf 85' lang='lat' dir='ltr'><strong>Procl.</strong></span> <span class='ocrx_word' id='word_1_148' title='bbox 454 1951 583 2017; x_wconf 85' lang='lat' dir='ltr'><strong>plane</strong></span> <span class='ocrx_word' id='word_1_149' title='bbox 619 1950 830 1997; x_wconf 87' lang='lat' dir='ltr'><strong>omissum</strong></span> <span class='ocrx_word' id='word_1_150' title='bbox 861 1968 1105 2015; x_wconf 91' lang='lat' dir='ltr'><strong>pronomen</strong></span> <span class='ocrx_word' id='word_1_151' title='bbox 1132 1963 1221 2009; x_wconf 82' lang='lat' dir='ltr'><strong>est⁷</strong></span> <span class='ocrx_word' id='word_1_152' title='bbox 1257 1950 1377 2015; x_wconf 90' lang='lat' dir='ltr'><strong>quod</strong></span> <span class='ocrx_word' id='word_1_153' title='bbox 1400 1970 1490 1998; x_wconf 87' lang='lat' dir='ltr'><strong>non</strong></span> <span class='ocrx_word' id='word_1_154' title='bbox 1518 1969 1586 1997; x_wconf 88' lang='lat' dir='ltr'><strong>es-</strong></span> 
     </span>
     <span class='ocr_line' id='line_1_23' title="bbox 280 2030 1588 2096; baseline -0.003 -15"><span class='ocrx_word' id='word_1_155' title='bbox 280 2045 368 2090; x_wconf 83' lang='lat' dir='ltr'><strong>set,</strong></span> <span class='ocrx_word' id='word_1_156' title='bbox 421 2033 507 2079; x_wconf 88' lang='lat' dir='ltr'><strong>nisi</strong></span> <span class='ocrx_word' id='word_1_157' title='bbox 552 2032 694 2079; x_wconf 83' lang='lat' dir='ltr'><strong>rarior</strong></span> <span class='ocrx_word' id='word_1_158' title='bbox 738 2030 884 2095; x_wconf 86' lang='lat' dir='ltr'><strong>aliqua</strong></span> <span class='ocrx_word' id='word_1_159' title='bbox 926 2031 1068 2079; x_wconf 85' lang='lat' dir='ltr'><strong>forma</strong></span> <span class='ocrx_word' id='word_1_160' title='bbox 1109 2031 1403 2089; x_wconf 83' lang='lat' dir='ltr'><strong>delitesceret,</strong></span> <span class='ocrx_word' id='word_1_161' title='bbox 1455 2049 1588 2096; x_wconf 88' lang='lat' dir='ltr'><strong>quam</strong></span> 
     </span>
     <span class='ocr_line' id='line_1_24' title="bbox 282 2112 1585 2179; baseline -0.002 -19"><span class='ocrx_word' id='word_1_162' title='bbox 282 2112 462 2179; x_wconf 89' lang='lat' dir='ltr'><strong>quidem</strong></span> <span class='ocrx_word' id='word_1_163' title='bbox 502 2132 595 2161; x_wconf 90' lang='lat' dir='ltr'><strong>non</strong></span> <span class='ocrx_word' id='word_1_164' title='bbox 627 2112 815 2160; x_wconf 89' lang='lat' dir='ltr'><strong>obscure</strong></span> <span class='ocrx_word' id='word_1_165' title='bbox 851 2112 1099 2175; x_wconf 82' lang='lat' dir='ltr'><strong>significant</strong></span> <span class='ocrx_word' id='word_1_166' title='bbox 1135 2113 1287 2159; x_wconf 86' lang='lat' dir='ltr'><strong>Ursini</strong></span> <span class='ocrx_word' id='word_1_167' title='bbox 1323 2125 1363 2160; x_wconf 88' lang='lat' dir='ltr'><strong>et</strong></span> <span class='ocrx_word' id='word_1_168' title='bbox 1394 2113 1585 2160; x_wconf 75' lang='lat' dir='ltr'><strong>Darnist.</strong></span> 
     </span>
     <span class='ocr_line' id='line_1_25' title="bbox 281 2185 1588 2257; baseline -0.002 -16"><span class='ocrx_word' id='word_1_169' title='bbox 281 2194 383 2241; x_wconf 87' lang='lat' dir='ltr'><strong>libri</strong></span> <span class='ocrx_word' id='word_1_170' title='bbox 418 2194 676 2241; x_wconf 83' lang='lat' dir='ltr'><strong>testimonia.</strong></span> <span class='ocrx_word' id='word_1_171' title='bbox 758 2193 905 2240; x_wconf 80' lang='lat' dir='ltr'><strong>Verba</strong></span> <span class='ocrx_word' id='word_1_172' title='bbox 939 2185 967 2251; x_wconf 74' lang='grc' dir='ltr'><em>ἧ</em></span> <span class='ocrx_word' id='word_1_173' title='bbox 1003 2197 1098 2250; x_wconf 72' lang='grc' dir='ltr'><strong>μὰν</strong></span> <span class='ocrx_word' id='word_1_174' title='bbox 1123 2213 1189 2256; x_wconf 73' lang='grc' dir='ltr'><strong>τρ.</strong></span> <span class='ocrx_word' id='word_1_175' title='bbox 1227 2197 1268 2241; x_wconf 67' lang='grc' dir='ltr'><strong>ἲι*</strong></span> <span class='ocrx_word' id='word_1_176' title='bbox 1298 2200 1445 2257; x_wconf 72' lang='grc' dir='ltr'><em>ἑπερχ.</em></span> <span class='ocrx_word' id='word_1_177' title='bbox 1480 2193 1588 2240; x_wconf 92' lang='lat' dir='ltr'><strong>mire</strong></span> 
     </span>
     <span class='ocr_line' id='line_1_26' title="bbox 283 2273 1592 2340; baseline -0.002 -19"><span class='ocrx_word' id='word_1_178' title='bbox 283 2276 407 2322; x_wconf 69' lang='lat' dir='ltr'><strong>vertit</strong></span> <span class='ocrx_word' id='word_1_179' title='bbox 438 2277 597 2340; x_wconf 86' lang='lat' dir='ltr'><strong>Interp.</strong></span> <span class='ocrx_word' id='word_1_180' title='bbox 633 2276 724 2321; x_wconf 84' lang='lat' dir='ltr'><strong>Lat.</strong></span> <span class='ocrx_word' id='word_1_181' title='bbox 761 2273 980 2338; x_wconf 83' lang='lat' dir='ltr'><strong>»jaculum</strong></span> <span class='ocrx_word' id='word_1_182' title='bbox 1016 2277 1213 2322; x_wconf 83' lang='lat' dir='ltr'><strong>trementi</strong></span> <span class='ocrx_word' id='word_1_183' title='bbox 1249 2275 1508 2331; x_wconf 79' lang='lat' dir='ltr'><strong>invadens‚‹&lt;</strong></span> <span class='ocrx_word' id='word_1_184' title='bbox 1543 2284 1592 2319; x_wconf 88' lang='lat' dir='ltr'><strong>ut</strong></span> 
     </span>
     <span class='ocr_line' id='line_1_27' title="bbox 284 2349 1590 2421; baseline -0.002 -20"><span class='ocrx_word' id='word_1_185' title='bbox 284 2361 518 2417; x_wconf 77' lang='grc' dir='ltr'><em>τρομέοντι</em></span> <span class='ocrx_word' id='word_1_186' title='bbox 550 2356 708 2419; x_wconf 82' lang='lat' dir='ltr'><strong>legisse</strong></span> <span class='ocrx_word' id='word_1_187' title='bbox 743 2355 950 2402; x_wconf 80' lang='lat' dir='ltr'><strong>videatur.</strong></span> <span class='ocrx_word' id='word_1_188' title='bbox 1037 2357 1124 2402; x_wconf 88' lang='lat' dir='ltr'><strong>Pro</strong></span> <span class='ocrx_word' id='word_1_189' title='bbox 1159 2349 1189 2413; x_wconf 74' lang='grc' dir='ltr'><em>ἦ</em></span> <span class='ocrx_word' id='word_1_190' title='bbox 1225 2359 1318 2412; x_wconf 72' lang='grc' dir='ltr'><strong>μὰν</strong></span> <span class='ocrx_word' id='word_1_191' title='bbox 1353 2355 1462 2421; x_wconf 91' lang='lat' dir='ltr'><strong>quid</strong></span> <span class='ocrx_word' id='word_1_192' title='bbox 1496 2366 1590 2400; x_wconf 82' lang='lat' dir='ltr'><strong>tan-</strong></span> 
     </span>
     <span class='ocr_line' id='line_1_28' title="bbox 288 2435 933 2499; baseline -0.002 -17"><span class='ocrx_word' id='word_1_193' title='bbox 288 2436 385 2482; x_wconf 89' lang='lat' dir='ltr'><strong>dem</strong></span> <span class='ocrx_word' id='word_1_194' title='bbox 421 2436 598 2499; x_wconf 82' lang='lat' dir='ltr'><strong>legerit,</strong></span> <span class='ocrx_word' id='word_1_195' title='bbox 635 2437 706 2483; x_wconf 81' lang='lat' dir='ltr'><strong>alii</strong></span> <span class='ocrx_word' id='word_1_196' title='bbox 735 2435 933 2483; x_wconf 86' lang='lat' dir='ltr'><strong>viderint.</strong></span> 
     </span>
    </p>

    <p class='ocr_par' dir='ltr' id='par_1_3' title="bbox 290 2515 1596 2666">
     <span class='ocr_line' id='line_1_29' title="bbox 417 2515 1593 2584; baseline -0.001 -22"><span class='ocrx_word' id='word_1_197' title='bbox 417 2518 466 2563; x_wconf 87' lang='lat' dir='ltr'><strong>In</strong></span> <span class='ocrx_word' id='word_1_198' title='bbox 512 2517 760 2565; x_wconf 85' lang='lat' dir='ltr'><strong>definienda</strong></span> <span class='ocrx_word' id='word_1_199' title='bbox 805 2516 986 2563; x_wconf 86' lang='lat' dir='ltr'><strong>lectione</strong></span> <span class='ocrx_word' id='word_1_200' title='bbox 1021 2517 1154 2581; x_wconf 85' lang='lat' dir='ltr'><strong>hujus</strong></span> <span class='ocrx_word' id='word_1_201' title='bbox 1199 2518 1282 2565; x_wconf 92' lang='lat' dir='ltr'><strong>loci</strong></span> <span class='ocrx_word' id='word_1_202' title='bbox 1317 2517 1464 2584; x_wconf 87' lang='lat' dir='ltr'><strong>plures</strong></span> <span class='ocrx_word' id='word_1_203' title='bbox 1500 2515 1593 2561; x_wconf 74' lang='lat' dir='ltr'><strong>viae</strong></span> 
     </span>
     <span class='ocr_line' id='line_1_30' title="bbox 290 2595 1596 2666; baseline -0.002 -24"><span class='ocrx_word' id='word_1_204' title='bbox 290 2597 388 2643; x_wconf 87' lang='lat' dir='ltr'><strong>iniri</strong></span> <span class='ocrx_word' id='word_1_205' title='bbox 437 2610 634 2663; x_wconf 87' lang='lat' dir='ltr'><strong>possunt.</strong></span> <span class='ocrx_word' id='word_1_206' title='bbox 726 2598 923 2645; x_wconf 87' lang='lat' dir='ltr'><strong>Primum</strong></span> <span class='ocrx_word' id='word_1_207' title='bbox 968 2599 1097 2645; x_wconf 83' lang='lat' dir='ltr'><strong>statui</strong></span> <span class='ocrx_word' id='word_1_208' title='bbox 1137 2611 1304 2666; x_wconf 80' lang='lat' dir='ltr'><strong>potest,</strong></span> <span class='ocrx_word' id='word_1_209' title='bbox 1352 2599 1399 2646; x_wconf 90' lang='lat' dir='ltr'><strong>in</strong></span> <span class='ocrx_word' id='word_1_210' title='bbox 1444 2595 1596 2644; x_wconf 86' lang='lat' dir='ltr'><strong>Ursini</strong></span> 
     </span>
    </p>
   </div>
  </div>
 </body>
</html>
