1677 3059
523 239 588 247 .-.
708 211 771 258 27
895 239 959 248 ..-

96 339 208 397 ὑπὲρ
238 336 323 382 τοῦ
352 333 555 397 θεάτρου
589 340 844 397 φερομένων
855 372 874 400 ,
920 337 1121 388 εἰπόντος
1150 337 1269 388 τινος
1301 340 1394 386 τῶν

100 417 541 464 καταπεπλευκότων
583 418 695 478 πρὸς
746 418 827 464 τὸν
869 424 1066 475 πλησίον
1107 420 1394 475 καθήμενον·

99 498 204 560 ὁρᾷς
236 499 341 550 τούς
381 499 614 560 μάρτυρας
625 516 650 562 ‚-
701 498 961 549 ἐπακούσας
996 515 1060 549 τις
1090 499 1194 545 ,τῶν
1226 504 1394 545 Πυθα-

99 583 286 639 γορείων
315 578 491 640 ἤγαγεν
512 580 682 629 αὐτοὺς
699 581 774 624 ἐπί
802 580 854 625 τὸ
878 581 970 625 τῶν
993 585 1162 626 Χιλίων
1191 584 1392 641 ἀρχεῖον,

98 659 372 723 ὑπολαβών,
419 661 529 721 ὅπερ
571 664 822 719 ἐλέγχοντες
854 660 959 708 τοὺς
1000 664 1167 709 παῖδας
1198 662 1394 723 ἐξεῦρον,

100 745 540 786 παταπεποντικέναι
582 740 708 788 τινὰς
744 740 827 789 τὰς
858 742 972 799 ’ὑπὲρ
1011 740 1091 793 τῆς
1123 740 1230 789 νεώς
1262 758 1395 786 πετο-

98 823 234 874 με’-νας
271 821 488 881 γεράνους
522 825 931 880 μαρτυρουμένους.
1007 819 1055 864 In
1099 836 1139 883 q.
1175 817 1200 864 l.
1236 820 1395 865 Kuste-

98 916 174 946 rus
207 898 390 946 similem
423 900 478 947 de
499 899 635 962 Ibyco
671 899 726 945 ab
757 899 852 946 aliis
886 900 1055 947 narrari
1088 897 1282 945 fabulam
1315 918 1395 946 no-

98 979 212 1027 tavit.
280 981 380 1027 Non
408 998 539 1046 posse
562 979 768 1036 dubitari,
807 982 914 1044 quin
934 981 1110 1047 Ibyciae
1134 979 1395 1027 narrationis

97 1058 254 1107 umbra
288 1058 440 1117 lateat,
475 1060 667 1108 detortae
689 1061 804 1108 illius
834 1060 980 1108 studio
1004 1059 1396 1126 Pythagoreorum,

97 1140 163 1187 vel
197 1147 241 1188 οἰ
271 1145 542 1203 ἀγνοοῦντες
574 1152 616 1188 et
645 1143 781 1189 τόποι
809 1147 949 1204 ἕτεροι
986 1142 1246 1188 documento
1281 1154 1394 1190 sunt„

99 1221 202 1283 Quo
237 1222 424 1286 pertinet
444 1221 567 1278 illud,
603 1221 725 1286 quod
758 1222 946 1268 Crotone
978 1239 1070 1268 rem
1105 1221 1260 1270 factam
1290 1224 1398 1270 scri-

97 1301 186 1366 psit
216 1299 489 1350 Jamblichus
524 1303 590 1350 vel
633 1321 763 1368 quem
798 1302 953 1349 ducem
986 1301 1141 1349 habuit
1173 1303 1397 1370 Pythago—

97 1399 172 1429 rae
203 1392 415 1440 sectator,
449 1393 496 1429 ut
519 1382 898 1449 Pythagoreorum
930 1383 1239 1448 perspicacitas
1274 1403 1397 1433 men-

97 1463 153 1510 tis
187 1462 331 1510 dicam
363 1481 420 1510 an
454 1462 732 1511 divinationis
763 1465 938 1527 egregia
972 1463 1152 1512 facultas
1188 1464 1396 1514 laudibus

97 1543 339 1590 efferretur.
423 1544 536 1591 Nam
580 1555 718 1592 vatem
763 1562 863 1591 eum
897 1557 1070 1611 oportet
1099 1546 1262 1604 fuisse,
1319 1547 1396 1611 qui

97 1634 275 1690 excepta
316 1623 622 1672 exclamatione
656 1623 729 1672 illa
761 1624 1038 1673 subobscura
1078 1628 1222 1674 statim
1257 1647 1397 1692 augu-

96 1705 162 1752 rio
192 1707 437 1771 praecepit,
490 1706 600 1771 quid
633 1707 697 1755 rei
732 1718 944 1770 ageretur.
1026 1708 1126 1754 Non
1161 1707 1287 1756 facile
1318 1728 1396 1756 au-

94 1798 182 1835 tem
208 1805 259 1835 eo
292 1786 587 1852 impudentiae
621 1788 859 1854 procedere
883 1787 1080 1852 potuisse
1101 1788 1397 1836 Jamblichum

93 1868 349 1934 judicarim,
394 1868 443 1915 id
477 1880 524 1915 ut
558 1870 791 1917 Crotonem
823 1867 1102 1926 transferret,
1158 1870 1279 1934 quod
1311 1870 1395 1917 alio

94 1949 190 1997 loco
225 1949 435 1997 accidisse
467 1962 584 1998 certo
610 1949 882 1998 constitisset.
953 1951 1013 1996 Ut
1040 1950 1087 1996 id
1111 1949 1289 2015 quidem
1316 1949 1396 1996 do-

97 2048 193 2078 cere
223 2031 421 2079 videatur
450 2030 523 2079 hic
557 2031 704 2090 locus,
758 2031 806 2078 in
839 2028 962 2077 Italia
995 2031 1202 2078 inferiore
1237 2049 1396 2096 perpe-

95 2122 255 2158 tratum
284 2113 456 2160 facinus
490 2112 639 2160 fuisse.
711 2112 866 2168 Adde,
911 2111 1032 2175 quod
1061 2111 1261 2158 Lascaris
1294 2111 1321 2158 l.
1358 2130 1393 2158 c.

96 2191 203 2239 haec
248 2194 528 2259 perscripsit:
587 2194 724 2242 »Cum
755 2213 836 2261 per
883 2190 1128 2238 Calabriam
1163 2193 1246 2239 iter
1279 2192 1396 2239 face-

96 2283 184 2329 ret,
236 2271 284 2319 in
319 2273 439 2339 sylva
481 2275 671 2340 quadam
704 2275 750 2322 in
784 2274 975 2321 latrones
1008 2271 1194 2319 incidit«
1230 2284 1271 2320 et
1303 2271 1394 2319 rell.

98 2353 364 2418 Quanquam
394 2355 559 2404 homini
594 2357 698 2404 alias
733 2374 823 2402 non
857 2371 1016 2416 magna
1049 2352 1159 2399 fides
1196 2352 1395 2409 debetur,

97 2435 173 2499 qui
205 2447 290 2481 tam
325 2436 555 2498 insigniter
583 2437 810 2494 erraverit,
857 2447 906 2482 ut
934 2433 1186 2481 Alcmanem
1222 2433 1395 2478 Mesoa-

97 2527 182 2563 tem
213 2516 543 2564 Messanensem
576 2516 749 2563 Siciliae
778 2515 952 2572 fecerit,
987 2526 1132 2560 tamen
1165 2512 1285 2558 haud
1306 2512 1396 2559 scio

97 2614 152 2643 an
182 2597 305 2662 {hanc
339 2595 518 2663 quidem
552 2597 712 2644 famam
748 2615 798 2644 ex
832 2595 1023 2659 antiquis
1059 2593 1255 2640 fontibus
1287 2592 1396 2639 hau-
