1677 3059
560 229 622 235 —
738 201 824 246 111
931 228 995 236 —

128 341 333 406 ginibus,
370 339 487 386 uude.
520 340 622 387 Eur.
656 338 820 386 Phoen.
853 339 960 386 231.
994 344 1241 401 παρθένων
1266 344 1431 395 χλιδὰν

129 421 248 469 dixit.
327 421 416 468 Csr.
457 420 617 469 Locell.
665 418 869 485 Xenoph.
913 419 1025 485 Eph.
1062 439 1104 486 p.
1144 424 1235 471 122
1267 438 1331 486 sq.
1368 451 1428 458 --

126 509 175 550 σέ
193 508 285 560 μέν.
343 501 450 548 Cod.
478 503 525 548 P.
559 503 615 550 σύ
641 506 733 557 μέν.
772 532 832 538 -—
886 508 927 551 3.
961 506 1237 564 ἅγανοβλέφ.
1260 505 1429 550 Πειθώ.

125 583 303 640 Suada,
339 600 470 647 quam
507 580 671 646 Sapph.
707 581 835 644 frgm.
860 581 1054 628 CXXVI.
1087 583 1236 640 Neue„
1270 581 1428 629 Aesch.

125 663 281 730 Suppl.
321 665 456 711 1021.
495 661 627 708 filiam
653 663 794 711 fecere
832 662 1039 719 Veneris,
1078 663 1307 710 comitatur
1339 682 1430 710 ma-

125 756 237 792 trem
279 757 328 793 ut
371 744 594 801 ministra,
650 763 762 810 quae
804 744 849 790 in
887 762 1057 790 amores
1091 744 1302 809 pelliciat,
1351 743 1427 789 cfr.

60 868 64 881 ,
125 824 316 872 Boeckh.
351 823 490 890 Expll.
527 825 655 871 Pind.
692 823 823 888 Pyth.
859 824 936 880 IX,
974 826 1075 882 40.⁷
1120 823 1296 870 Jacobs.
1332 822 1427 869 Del.

124 904 277 969 Epigr.
311 903 387 960 IV,
421 907 522 961 29„
560 904 730 951 Coluth.
752 905 880 969 Rapt.
915 905 1007 952 Hel.
1039 907 1139 959 26.;
1179 904 1232 950 de
1264 903 1430 950 Latinis

124 983 266 1050 poetis
298 1003 335 1030 v.
373 983 648 1032 Schmidium
681 985 786 1031 Hor.
826 986 845 1031 I
878 986 989 1051 Epp.
1029 989 1072 1042 6,
1106 986 1180 1033 38.
1247 984 1432 1031 Athenis

125 1068 277 1113 Venus
303 1066 542 1122 πάνδημος
573 1076 612 1111 et
645 1067 800 1112 Πειθώ
833 1066 1015 1130 junctim
1052 1065 1204 1121 cultae,
1241 1067 1369 1112 Pans.
1396 1066 1430 1120 Ι,

126 1149 205 1204 22,
242 1149 283 1192 3.
354 1145 610 1210 Sequuntur
644 1145 853 1204 artifices,
896 1165 932 1192 v.
968 1146 1167 1193 Mueller.
1200 1144 1429 1193 Archaeol.

125 1229 165 1290 ἓ.
193 1226 305 1282 278,
341 1228 383 1274 5.
467 1226 616 1273 Suada
656 1230 878 1290 οἷγανοβλ.
925 1237 1012 1282 est,
1072 1225 1431 1290 quandoquidem

127 1307 266 1356 oculis
301 1306 558 1355 conciliatur
591 1326 723 1355 amor.
792 1307 922 1354 Unde
958 1307 1120 1353 Herod.
1147 1310 1200 1365 V,
1227 1308 1298 1355 18.
1334 1306 1431 1372 pul-

128 1388 256 1437 chras
275 1387 479 1436 mulieres
502 1390 728 1452 ingeniose
752 1390 1015 1449 ἀλγηδόνας
1031 1390 1296 1448 ὀφθαλμῶν
1318 1406 1430 1433 nun-

129 1481 271 1536 cupat.
338 1469 533 1537 Eurytus
565 1471 751 1536 Lyricus
788 1488 854 1534 ap.
880 1471 1009 1516 Laur.
1035 1469 1148 1535 Lyd.
1183 1468 1237 1515 de
1270 1486 1429 1514 menss.

128 1571 170 1618 p.
191 1552 300 1600 282.
334 1554 644 1611 ἀγαλμοειδής
663 1551 813 1612 Ἔρως.
863 1551 1051 1597 Meinek.
1075 1559 1256 1615 quaestt.
1283 1566 1428 1595 scenn.

127 1633 162 1689 I,
197 1651 239 1697 p.
262 1630 337 1678 24.
373 1632 690 1691 ἀγλαομειδής.
758 1631 911 1677 Malim
945 1633 1249 1691 ἀγανομειδής
1276 1630 1431 1693 Ἔρως,

128 1726 177 1762 ut
210 1711 393 1778 Sappho
429 1730 496 1777 ap.
533 1711 742 1758 Alcaeum
778 1712 905 1774 srgm.
942 1713 1075 1758 XLII.
1155 1711 1307 1757 Matth.
1340 1729 1433 1767 μει-

129 1796 354 1851 λιχόμειδε
386 1794 623 1840 invocatur.
658 1822 720 1830 —-
788 1799 1006 1855 ῥοδέοισιν
1039 1797 1086 1838 ἐν
1112 1791 1287 1838 ἄνθεσι.
1331 1801 1432 1837 Πει-

128 1880 438 1936 θωδωρέοισιν
479 1873 574 1921 cod.
609 1873 687 1931 B.;
742 1878 790 1921 ἐν
831 1872 977 1921 omisit
1020 1871 1115 1920 cod.
1165 1871 1208 1915 C.
1247 1882 1289 1916 et
1335 1890 1432 1917 eum

128 1955 352 2012 Eustath.,
389 1972 518 2019 quem
553 1954 806 2018 perstrinxit
836 1955 1021 2001 Porson.
1045 1955 1148 1999 Eur.
1174 1950 1294 1998 Med.
1322 1952 1432 2007 629,

131 2036 336 2087 Adverss.
358 2055 401 2102 p.
428 2037 531 2084 119.
566 2035 713 2100 Lips,
749 2034 997 2082 Nitzschius
1023 2033 1046 2078 l.
1074 2033 1098 2079 l.
1137 2066 1198 2070 --
1244 2037 1431 2094 θρέψαν.

135 2122 310 2178 Τρέψαν
340 2117 412 2174 L.,
459 2116 581 2182 quod
615 2118 798 2163 servavit
831 2115 1033 2170 Fiorillo;
1086 2121 1252 2176 δρέψαν
1286 2129 1432 2158 errore

131 2196 300 2264 typoth.
323 2196 472 2261 Steph.
507 2227 574 2234 —
638 2199 686 2244 Iu
711 2198 823 2244 rosis
846 2195 1035 2243 nutritus
1059 2194 1241 2257 lingitur
1262 2192 1433 2257 Eurya-

131 2276 224 2335 lus,
259 2276 362 2342 quia
394 2276 475 2324 flos
507 2277 826 2343 pulcherrimus
852 2277 1012 2323 Veneri
1037 2293 1172 2332 sacer,
1209 2292 1246 2319 v.
1273 2271 1433 2318 Schra-

133 2356 223 2403 der.
259 2357 305 2402 in
334 2357 450 2402 Mus.
476 2375 518 2421 p.
551 2358 655 2406 178.
727 2357 911 2404 Carmen
946 2367 1163 2403 cantatum
1194 2353 1365 2400 videtur
1387 2351 1434 2397 in

133 2437 353 2493 convivio,
394 2455 481 2500 quo
517 2437 736 2504 Euryalus
770 2439 882 2484 rosis
918 2448 1114 2501 tempora
1147 2436 1339 2490 vinctus,
1386 2442 1435 2478 ut

128 2516 222 2564 fieri
262 2517 451 2574 solebat,
486 2537 522 2563 v.
559 2517 664 2564 Hor.
697 2519 727 2564 Ι.
763 2536 937 2566 carmm.
971 2517 1017 2574 4,
1050 2518 1118 2574 6.,
1154 2526 1324 2564 astaret.
