1677 3059
695 207 1134 254 -18—

263 353 309 398 in
347 357 618 397 commentat.
664 347 719 393 de
761 345 1010 411 philosoph.
1047 346 1186 393 Jonic.
1234 360 1394 406 aetate‚
1456 368 1566 413 quae

264 431 422 494 legitur
454 428 501 474 in
534 427 650 474 Mus.
686 426 835 492 philol.
860 428 1055 474 Britann.
1087 428 1227 486 1831,
1258 430 1288 475 Ι.
1320 449 1362 495 p.
1386 431 1449 478 89
1468 448 1563 494 sqq.

265 512 418 574 Quum
465 508 578 554 enim
623 506 922 572 Apollodorus
967 527 1034 573 ap.
1080 508 1210 570 Diog.
1256 509 1396 556 Laert.
1429 511 1484 568 H,
1519 513 1563 556 2.

263 586 640 640 Anaximandrum
667 598 848 635 testetur
878 590 1094 645 ἀκμάσαι
1118 607 1184 646 πη
1213 590 1415 645 μάλιστα
1443 592 1566 639 κατὰ

263 670 569 730 Πολυκράτην
601 669 684 715 τὸν
723 670 881 725 Σάμου
923 671 1176 732 τύραννον,
1227 670 1444 716 seniorem
1477 671 1564 717 Po-

261 753 469 820 lycratem
504 748 728 810 intelligit,
789 769 919 813 quem
955 768 1094 796 annos
1130 761 1228 797 ante
1263 749 1445 796 alterum
1478 750 1565 796 Po-

259 834 467 900 lycratem
502 828 702 876 floruisse
735 829 840 875 dicit
861 831 1044 876 XXXII.
1113 831 1196 887 At,
1231 848 1286 877 nc
1311 830 1420 894 quid
1445 829 1566 876 aliud

259 930 478 968 moveam,
515 929 593 956 cur
621 909 730 956 adeo
765 908 1036 972 negligentes
1065 912 1243 958 fuerunt
1274 911 1320 956 in
1343 910 1566 957 notatione

260 1008 507 1060 temporum
552 1001 594 1037 et
637 988 916 1036 distinctione
954 990 1181 1038 hominum
1214 1003 1306 1038 tum
1342 990 1413 1036 alii
1457 990 1564 1037 scri-

257 1088 407 1142 ptores
433 1070 607 1127 Gmeci,
642 1080 735 1116 tum
769 1069 1186 1132 intelligentissimus
1220 1071 1336 1118 illius
1369 1071 1565 1136 discipli-

258 1174 340 1203 nae
373 1151 701 1218 Apollodorus,
733 1161 781 1196 ut
815 1151 1034 1214 integrum
1067 1152 1387 1215 relinquerent,
1435 1170 1564 1215 quem

259 1235 418 1299 cuique
453 1230 760 1287 collubuisset‚
801 1232 1075 1295 intelligere?
1151 1235 1212 1279 Ut
1246 1232 1317 1279 hic.
1352 1244 1465 1279 certe
1501 1231 1566 1278 lo-

259 1336 337 1366 cus
383 1332 474 1361 non
508 1322 623 1358 recte
658 1310 703 1356 in
751 1323 887 1360 aetate
932 1313 1249 1361 Anaximandri
1291 1312 1564 1360 terminanda

258 1417 283 1445 a
318 1395 518 1443 Clintone
551 1404 789 1457 usurpatus
822 1396 890 1442 sit.
973 1396 1166 1443 Omnino
1200 1401 1428 1459 nunquam
1460 1412 1566 1459 pro-

255 1479 371 1527 fecto
407 1474 656 1522 Samiorum
688 1474 1004 1540 rempublicam
1038 1475 1180 1540 major
1207 1475 1458 1541 Polycrates
1485 1475 1564 1521 ad-

256 1556 530 1613 ministravit,
568 1572 698 1619 quem
723 1556 958 1619 quominus
989 1576 1012 1603 a
1039 1555 1180 1603 Suida
1215 1555 1439 1602 arbitreris
1472 1556 1563 1619 sig-

256 1638 479 1687 nificatum
513 1653 632 1693 esse,
667 1635 734 1682 vel
767 1647 1014 1701 temporum
1047 1635 1340 1702 praepediunt
1371 1636 1565 1683 rationes

256 1719 458 1768 solertius
491 1716 786 1779 investigatae.
878 1717 1053 1763 Patrem
1088 1729 1231 1764 autem
1265 1717 1442 1783 tyranni
1475 1717 1562 1764 Po-

255 1799 431 1866 lycratis
465 1798 655 1845 Aeacem
691 1808 859 1844 constat
891 1797 1052 1853 fuisse3
1089 1808 1258 1844 constat
1287 1796 1563 1864 Polycratem

255 1881 431 1928 demum
467 1897 517 1925 ex
552 1879 634 1926 civi
667 1878 715 1925 in
749 1877 925 1945 tyranni
961 1877 1149 1940 gradum
1184 1889 1402 1934 evectum3
1455 1896 1559 1924 con-

255 1971 362 2017 stat,
400 1977 499 2006 eum
532 1958 708 2005 demum
734 1970 853 2005 tanto
885 1958 951 2006 vel
977 1959 1194 2007 bonarum
1220 1958 1377 2006 artium
1401 1957 1558 2004 ardore

252 2041 482 2087 incensum
510 2039 648 2086 fuisse
681 2038 746 2085 vel
772 2039 1010 2104 cupiditate
1032 2040 1221 2103 gloriae,
1253 2049 1300 2085 ut
1329 2048 1560 2102 poetarum

255 2119 513 2169 commercio
566 2117 656 2165 frui
701 2118 935 2183 pulchrum
981 2120 1276 2167 arbitraretur,
1377 2117 1555 2179 Quibus

252 2201 457 2248 omnibus
501 2199 712 2265 reputatis
755 2202 974 2248 neminem
1019 2200 1321 2247 dubitaturum
1365 2197 1555 2255 confido,

254 2283 360 2346 quin
393 2280 551 2337 verba,
589 2298 701 2344 quae
735 2282 855 2346 apud
890 2282 1073 2328 Suidam
1107 2291 1231 2337 sunt‚
1266 2277 1555 2343 corruptelam

251 2361 468 2409 traxerint.
548 2359 685 2421 Quod
721 2361 796 2424 qui
827 2362 995 2425 primus
1031 2361 1138 2407 vidit
1171 2361 1208 2407 ei
1250 2379 1340 2407 non
1373 2358 1555 2405 feliciter

253 2443 380 2488 cessit
412 2439 669 2488 emendatio.
751 2441 954 2487 Panoska
994 2444 1108 2488 enim
1143 2460 1223 2488 rer.
1261 2441 1375 2487 Sam.
1409 2457 1450 2503 p.
1475 2440 1548 2484 30.

251 2526 404 2583 πατὴρ
440 2522 485 2568 in
514 2525 706 2579 ποιητὴς
740 2540 829 2569 voc.
861 2534 1048 2580 mutato,
1092 2533 1300 2570 commate
1324 2521 1360 2566 si
1385 2517 1553 2583 placeat

248 2601 445 2648 incidens
478 2614 579 2666 post
609 2604 932 2666 Πολυκράτης,
966 2613 1155 2665 poetam
1179 2602 1395 2668 ‚aulicum
1430 2609 1550 2646 extu-
