1677 3059
591 208 1026 253 -77-

286 348 501 396 Trochaei
544 355 780 413 supersunt
812 345 882 393 hi:
938 345 1134 412 Dipodia
1170 346 1314 409 gravis
1360 365 1458 394 eum

158 431 326 479 dimetr.
361 428 520 494 dactyl.
558 426 677 475 catal.
712 427 759 474 in
793 426 891 493 syll.
929 428 1063 484 XLII,
1092 430 1134 475 3.
1196 425 1458 492 Ithyphalli-

158 531 234 561 cus
259 513 294 569 I,
321 513 364 558 7.
389 509 627 558 clausulam
650 507 854 556 efficiens.
910 510 1106 556 Dimeter
1132 508 1252 555 catal.
1275 507 1458 565 XXVII,

160 595 200 641 1.
270 593 441 655 Fragm.
477 591 584 638 XIX
607 600 648 637 et
672 588 808 648 XLII,
831 593 874 635 2.
912 588 1019 638 haec
1051 601 1115 637 est
1148 588 1378 647 dimensio,
1412 598 1460 636 ut

157 675 355 722 videtur:

469 745 583 791 -><

323 795 1018 814 —u—u—-—„„..·.·...·

160 839 383 902 Quattuor
417 837 623 904 dipodiae
657 853 835 900 graves,
891 836 966 900 qui
998 835 1249 881 Hermanno
1284 836 1461 902 Epitriti

156 920 285 967 Dorii
318 930 445 978 sunt,
495 930 646 967 contra
681 934 812 982 quem
845 934 989 981 nuper
1023 916 1168 964 denuo
1212 917 1461 966 Boeckhius

158 1000 290 1060 dixit,
325 1000 603 1066 reperiuntur
635 998 763 1060 frgm.
799 998 867 1043 LI.

285 1081 338 1128 In
377 1081 458 1138 iis,
503 1097 614 1144 quae
649 1077 793 1125 adhuc
833 1078 888 1125 de
918 1078 1066 1124 metris
1106 1077 1230 1145 Ibyci
1265 1078 1463 1145 disputa-

159 1161 298 1208 vimus
328 1159 428 1207 licet
462 1160 575 1216 sint,
633 1177 743 1223 quae
779 1178 867 1205 non
904 1158 1022 1205 omni
1059 1157 1113 1204 ab
1144 1170 1266 1223 parte
1298 1160 1463 1206 munita

161 1253 312 1290 contra
340 1240 585 1288 doctiorum
616 1239 842 1286 hominum
875 1239 1260 1304 reprehensionem
1286 1241 1463 1288 videan-

160 1335 253 1382 tur,
287 1334 432 1370 tamen
463 1321 626 1368 nullius
658 1319 741 1368 loci
763 1321 969 1369 incertior
1002 1331 1067 1367 est
1092 1338 1295 1369 mensura
1333 1341 1464 1387 quam

160 1407 289 1470 frgm.
326 1403 548 1452 XXXVII.
630 1403 730 1448 Non
765 1413 932 1449 constat
965 1402 1104 1459 enini,
1150 1405 1338 1465 Κυάρης
1372 1422 1464 1449 cre-

160 1488 329 1535 ticusne
364 1485 420 1532 sit
465 1502 520 1529 an
562 1482 783 1529 bacchius.
864 1489 1036 1536 'Em'xco
1080 1487 1161 1530 καί
1198 1489 1466 1530 διασκέπτο-

160 1585 259 1625 μαι.
294 1595 356 1603 -
433 1563 575 1610 0111ἱεί
611 1574 754 1610 autem
791 1561 1015 1626 disputare
1053 1563 1106 1610 de
1140 1575 1295 1610 natura
1331 1575 1371 1611 et
1402 1565 1465 1611 af-

161 1648 280 1695 fectu
320 1656 558 1693 metrorum
601 1643 743 1708 deque
779 1655 867 1690 arte
901 1655 1056 1709 poetae
1088 1644 1133 1690 in
1167 1642 1378 1705 eligendis
1413 1645 1466 1692 iis

162 1746 245 1794 pro
278 1725 475 1774 locorum
511 1725 768 1772 condicione
801 1725 1051 1790 conspicua.
1122 1725 1233 1771 Nam
1265 1724 1334 1781 id,
1382 1726 1467 1772 nisi

163 1827 271 1857 suus
315 1824 532 1872 quemque
579 1824 734 1853 sensus
783 1805 933 1863 docet,
987 1806 1150 1853 frustra
1187 1805 1466 1871 praecipitur.

163 1891 316 1955 Neque
348 1899 499 1936 contra
540 1888 662 1935 aliter
697 1887 975 1933 statuentium
1008 1888 1198 1934 virorum
1234 1886 1468 1933 sententias

164 1970 335 2019 locutus
366 1986 487 2027 sum,
520 1967 605 2014 nisi
639 1985 737 2013 raro
775 1978 815 2013 et
837 1978 1023 2014 coactus.
1090 1967 1294 2033 Plerique
1327 1979 1468 2015 autem

166 2050 354 2116 pessime
386 2060 524 2097 metra
554 2048 742 2096 dimensi
772 2059 884 2095 sunt.

296 2129 573 2195 Strophicam
617 2129 753 2176 fuisse
792 2140 834 2176 et
878 2127 1188 2176 amatoriorum
1229 2127 1470 2175 carminum

169 2210 549 2276 compositionem,
594 2221 741 2275 aperte
778 2209 905 2256 docet
939 2210 1066 2272 frgm.
1101 2209 1146 2266 I,
1183 2208 1342 2255 docent
1375 2207 1469 2256 alia.

167 2293 315 2355 Frgm.
339 2291 397 2338 LI
419 2309 496 2338 cur
516 2289 822 2338 Mehlhornius
845 2291 1029 2337 forsitan
1054 2308 1105 2337 ex
1133 2289 1324 2337 carmine
1350 2294 1471 2338 κατὰ

168 2378 326 2425 στίχον
347 2371 510 2435 scripto
531 2382 778 2436 excerptum
799 2383 934 2437 putet,
956 2371 1116 2418 nescio.
1152 2373 1263 2418 Nam
1287 2381 1469 2417 metrum

172 2452 350 2517 quidem
370 2469 459 2497 non
485 2461 629 2515 potest
649 2469 742 2498 esse
764 2452 943 2507 indicio,
979 2469 1114 2516 quum
1137 2462 1382 2499 tetrameter
1402 2452 1472 2499 ille

172 2544 214 2580 et
239 2532 294 2579 ab
322 2530 516 2580 Pindaro
544 2530 638 2578 aliis
662 2531 861 2578 versibus
887 2532 1076 2579 insertus
1108 2532 1187 2590 sit,
1222 2552 1257 2578 v.
1280 2533 1470 2580 Boeckh.

171 2623 292 2659 metr.
324 2611 452 2660 Pind.
484 2630 526 2678 p.
561 2612 669 2660 116.
737 2611 930 2659 Omnino
966 2613 1112 2661 omnia
1145 2613 1336 2661 carmina
1369 2613 1473 2681 Iby-
