<?xml version="1.0" encoding="UTF-8"?>
<!DOCTYPE html PUBLIC "-//W3C//DTD XHTML 1.0 Transitional//EN"
    "http://www.w3.org/TR/xhtml1/DTD/xhtml1-transitional.dtd">
<html xmlns="http://www.w3.org/1999/xhtml" xml:lang="en" lang="en">
 <head>
  <title>
</title>
<meta http-equiv="Content-Type" content="text/html;charset=utf-8" />
  <meta name='ocr-system' content='tesseract 3.04.00' />
  <meta name='ocr-capabilities' content='ocr_page ocr_carea ocr_par ocr_line ocrx_word'/>
</head>
<body>
  <div class='ocr_page' id='page_1' title='image "./ibycirheginicarm00schnuoft_0171.png"; bbox 0 0 1677 3059; ppageno 0'>
   <div class='ocr_carea' id='block_1_1' title="bbox 580 188 1013 237">
    <p class='ocr_par' dir='ltr' id='par_1_1' title="bbox 580 188 1013 237">
     <span class='ocr_line' id='line_1_1' title="bbox 580 188 1013 237; baseline -0.002 0"><span class='ocrx_word' id='word_1_1' title='bbox 580 188 1013 237; x_wconf 77' lang='lat'>-141—</span> 
     </span>
    </p>
   </div>
   <div class='ocr_carea' id='block_1_2' title="bbox 140 328 1447 2336">
    <p class='ocr_par' dir='ltr' id='par_1_2' title="bbox 140 328 1447 2336">
     <span class='ocr_line' id='line_1_2' title="bbox 147 328 1446 395; baseline -0.001 -13"><span class='ocrx_word' id='word_1_2' title='bbox 147 345 248 382; x_wconf 87' lang='lat' dir='ltr'>sunt</span> <span class='ocrx_word' id='word_1_3' title='bbox 283 330 543 395; x_wconf 79' lang='lat' dir='ltr'>Quintiliani</span> <span class='ocrx_word' id='word_1_4' title='bbox 576 330 696 377; x_wconf 84' lang='lat' dir='ltr'>Instt.</span> <span class='ocrx_word' id='word_1_5' title='bbox 733 346 816 376; x_wconf 88' lang='lat' dir='ltr'>orr.</span> <span class='ocrx_word' id='word_1_6' title='bbox 853 328 965 386; x_wconf 87' lang='lat' dir='ltr'>I,4,</span> <span class='ocrx_word' id='word_1_7' title='bbox 1000 329 1071 376; x_wconf 90' lang='grc'>16.</span> <span class='ocrx_word' id='word_1_8' title='bbox 1133 328 1270 392; x_wconf 81' lang='lat' dir='ltr'>Quod</span> <span class='ocrx_word' id='word_1_9' title='bbox 1305 343 1446 381; x_wconf 88' lang='lat' dir='ltr'>autem</span> 
     </span>
     <span class='ocr_line' id='line_1_3' title="bbox 145 409 1446 475; baseline -0.001 -12"><span class='ocrx_word' id='word_1_10' title='bbox 145 414 305 463; x_wconf 89' lang='lat' dir='ltr'>Aeoles</span> <span class='ocrx_word' id='word_1_11' title='bbox 333 431 403 460; x_wconf 79' lang='lat' dir='ltr'>sei</span> <span class='ocrx_word' id='word_1_12' title='bbox 406 430 479 459; x_wconf 82' lang='lat' dir='ltr'>vai</span> <span class='ocrx_word' id='word_1_13' title='bbox 484 422 559 459; x_wconf 88' lang='lat' dir='ltr'>unt</span> <span class='ocrx_word' id='word_1_14' title='bbox 582 418 638 475; x_wconf 76' lang='grc' dir='ltr'>δ,</span> <span class='ocrx_word' id='word_1_15' title='bbox 673 412 719 458; x_wconf 90' lang='lat' dir='ltr'>in</span> <span class='ocrx_word' id='word_1_16' title='bbox 745 411 838 475; x_wconf 88' lang='lat' dir='ltr'>ejus</span> <span class='ocrx_word' id='word_1_17' title='bbox 860 409 1003 457; x_wconf 91' lang='lat' dir='ltr'>locum</span> <span class='ocrx_word' id='word_1_18' title='bbox 1023 410 1258 460; x_wconf 83' lang='lat' dir='ltr'>suffectum</span> <span class='ocrx_word' id='word_1_19' title='bbox 1278 421 1308 462; x_wconf 79' lang='grc' dir='ltr'><strong><em>λ</em></strong></span> <span class='ocrx_word' id='word_1_20' title='bbox 1329 432 1446 462; x_wconf 90' lang='lat' dir='ltr'>com-</span> 
     </span>
     <span class='ocr_line' id='line_1_4' title="bbox 146 490 1447 560; baseline 0 -18"><span class='ocrx_word' id='word_1_21' title='bbox 146 505 271 560; x_wconf 84' lang='lat' dir='ltr'>paret</span> <span class='ocrx_word' id='word_1_22' title='bbox 303 494 350 541; x_wconf 89' lang='lat' dir='ltr'>in</span> <span class='ocrx_word' id='word_1_23' title='bbox 380 511 479 541; x_wconf 89' lang='lat' dir='ltr'>vase</span> <span class='ocrx_word' id='word_1_24' title='bbox 504 491 784 548; x_wconf 85' lang='lat' dir='ltr'>Volcentin0‚</span> <span class='ocrx_word' id='word_1_25' title='bbox 819 490 1061 539; x_wconf 88' lang='lat' dir='ltr'>Mouumm.</span> <span class='ocrx_word' id='word_1_26' title='bbox 1083 492 1220 540; x_wconf 84' lang='lat' dir='ltr'>Instit.</span> <span class='ocrx_word' id='word_1_27' title='bbox 1251 495 1447 543; x_wconf 89' lang='lat' dir='ltr'>Archae-</span> 
     </span>
     <span class='ocr_line' id='line_1_5' title="bbox 146 570 1445 638; baseline 0.001 -17"><span class='ocrx_word' id='word_1_28' title='bbox 146 573 260 638; x_wconf 87' lang='lat' dir='ltr'>olog.</span> <span class='ocrx_word' id='word_1_29' title='bbox 297 576 423 623; x_wconf 91' lang='lat' dir='ltr'>Rom.</span> <span class='ocrx_word' id='word_1_30' title='bbox 464 575 613 632; x_wconf 83' lang='lat'>1831,</span> <span class='ocrx_word' id='word_1_31' title='bbox 668 570 755 619; x_wconf 87' lang='lat' dir='ltr'>tab.</span> <span class='ocrx_word' id='word_1_32' title='bbox 792 571 929 629; x_wconf 88' lang='lat' dir='ltr'>VIII.,</span> <span class='ocrx_word' id='word_1_33' title='bbox 986 572 1063 619; x_wconf 86' lang='lat' dir='ltr'>ubi</span> <span class='ocrx_word' id='word_1_34' title='bbox 1105 572 1222 621; x_wconf 82' lang='lat' dir='ltr'>Ulixi</span> <span class='ocrx_word' id='word_1_35' title='bbox 1268 573 1445 622; x_wconf 86' lang='lat' dir='ltr'>Sirenes</span> 
     </span>
     <span class='ocr_line' id='line_1_6' title="bbox 145 643 1447 721; baseline 0.002 -19"><span class='ocrx_word' id='word_1_36' title='bbox 145 654 515 721; x_wconf 82' lang='lat' dir='ltr'>praetervehenti,</span> <span class='ocrx_word' id='word_1_37' title='bbox 575 671 759 720; x_wconf 89' lang='lat' dir='ltr'>quarum</span> <span class='ocrx_word' id='word_1_38' title='bbox 794 671 882 699; x_wconf 89' lang='lat' dir='ltr'>una</span> <span class='ocrx_word' id='word_1_39' title='bbox 914 655 1122 714; x_wconf 77' lang='grc' dir='ltr'><em>Ἱμερόποε</em></span> <span class='ocrx_word' id='word_1_40' title='bbox 1161 665 1336 714; x_wconf 87' lang='lat' dir='ltr'>vocata,</span> <span class='ocrx_word' id='word_1_41' title='bbox 1389 643 1447 704; x_wconf 85' lang='lat' dir='ltr'>ad</span> 
     </span>
     <span class='ocr_line' id='line_1_7' title="bbox 145 733 1447 803; baseline 0.002 -20"><span class='ocrx_word' id='word_1_42' title='bbox 145 735 308 783; x_wconf 88' lang='lat' dir='ltr'>malum</span> <span class='ocrx_word' id='word_1_43' title='bbox 328 735 508 799; x_wconf 88' lang='lat' dir='ltr'>religato</span> <span class='ocrx_word' id='word_1_44' title='bbox 531 736 751 801; x_wconf 81' lang='lat' dir='ltr'>appictum</span> <span class='ocrx_word' id='word_1_45' title='bbox 777 733 889 781; x_wconf 85' lang='lat' dir='ltr'>clare</span> <span class='ocrx_word' id='word_1_46' title='bbox 919 745 982 780; x_wconf 84' lang='lat' dir='ltr'>est</span> <span class='ocrx_word' id='word_1_47' title='bbox 1009 742 1285 800; x_wconf 72' lang='grc' dir='ltr'><em>ΟΛῬΣΕῬΣ,</em></span> <span class='ocrx_word' id='word_1_48' title='bbox 1324 739 1447 803; x_wconf 87' lang='lat' dir='ltr'>quod</span> 
     </span>
     <span class='ocr_line' id='line_1_8' title="bbox 146 814 1445 879; baseline 0.002 -15"><span class='ocrx_word' id='word_1_49' title='bbox 146 817 202 864; x_wconf 88' lang='lat' dir='ltr'>ab</span> <span class='ocrx_word' id='word_1_50' title='bbox 226 815 439 864; x_wconf 86' lang='lat' dir='ltr'>Muellero</span> <span class='ocrx_word' id='word_1_51' title='bbox 473 817 668 879; x_wconf 85' lang='lat' dir='ltr'>agnitum</span> <span class='ocrx_word' id='word_1_52' title='bbox 702 815 843 879; x_wconf 87' lang='lat' dir='ltr'>rejicit</span> <span class='ocrx_word' id='word_1_53' title='bbox 865 814 1081 862; x_wconf 79' lang='lat' dir='ltr'>G-erhard.</span> <span class='ocrx_word' id='word_1_54' title='bbox 1108 815 1310 863; x_wconf 85' lang='lat' dir='ltr'>Bulletin.</span> <span class='ocrx_word' id='word_1_55' title='bbox 1347 819 1445 867; x_wconf 90' lang='lat' dir='ltr'>dell’</span> 
     </span>
     <span class='ocr_line' id='line_1_9' title="bbox 144 895 1442 966; baseline 0.004 -24"><span class='ocrx_word' id='word_1_56' title='bbox 144 896 275 942; x_wconf 82' lang='lat' dir='ltr'>instit.</span> <span class='ocrx_word' id='word_1_57' title='bbox 312 895 358 942; x_wconf 87' lang='lat' dir='ltr'>di</span> <span class='ocrx_word' id='word_1_58' title='bbox 400 915 510 943; x_wconf 89' lang='lat' dir='ltr'>corr.</span> <span class='ocrx_word' id='word_1_59' title='bbox 546 896 660 944; x_wconf 84' lang='lat' dir='ltr'>arch.</span> <span class='ocrx_word' id='word_1_60' title='bbox 706 899 792 956; x_wconf 89' lang='lat' dir='ltr'>IV,</span> <span class='ocrx_word' id='word_1_61' title='bbox 840 913 974 943; x_wconf 87' lang='lat' dir='ltr'>mens.</span> <span class='ocrx_word' id='word_1_62' title='bbox 1021 895 1160 960; x_wconf 83' lang='lat' dir='ltr'>April.</span> <span class='ocrx_word' id='word_1_63' title='bbox 1208 897 1354 956; x_wconf 80' lang='lat'>1832,</span> <span class='ocrx_word' id='word_1_64' title='bbox 1400 919 1442 966; x_wconf 92' lang='lat' dir='ltr'>p.</span> 
     </span>
     <span class='ocr_line' id='line_1_10' title="bbox 146 976 1445 1043; baseline 0.002 -19"><span class='ocrx_word' id='word_1_65' title='bbox 146 978 281 1035; x_wconf 59' lang='lat'>103„</span> <span class='ocrx_word' id='word_1_66' title='bbox 318 995 450 1041; x_wconf 88' lang='lat' dir='ltr'>quam</span> <span class='ocrx_word' id='word_1_67' title='bbox 484 980 747 1043; x_wconf 74' lang='lat' dir='ltr'>scripturam</span> <span class='ocrx_word' id='word_1_68' title='bbox 778 995 802 1023; x_wconf 90' lang='lat' dir='ltr'>a</span> <span class='ocrx_word' id='word_1_69' title='bbox 837 977 1086 1041; x_wconf 82' lang='lat' dir='ltr'>suspicione</span> <span class='ocrx_word' id='word_1_70' title='bbox 1119 976 1324 1025; x_wconf 84' lang='lat' dir='ltr'>liberabit</span> <span class='ocrx_word' id='word_1_71' title='bbox 1355 980 1445 1027; x_wconf 94' lang='lat' dir='ltr'>Eu-</span> 
     </span>
     <span class='ocr_line' id='line_1_11' title="bbox 144 1057 1447 1124; baseline 0.002 -18"><span class='ocrx_word' id='word_1_72' title='bbox 144 1058 270 1106; x_wconf 84' lang='lat' dir='ltr'>stath.</span> <span class='ocrx_word' id='word_1_73' title='bbox 302 1057 348 1104; x_wconf 94' lang='lat' dir='ltr'>Il.</span> <span class='ocrx_word' id='word_1_74' title='bbox 377 1077 419 1124; x_wconf 90' lang='lat' dir='ltr'>p.</span> <span class='ocrx_word' id='word_1_75' title='bbox 443 1060 555 1116; x_wconf 80' lang='lat'>289,</span> <span class='ocrx_word' id='word_1_76' title='bbox 583 1060 656 1107; x_wconf 81' lang='lat'>38.</span> <span class='ocrx_word' id='word_1_77' title='bbox 693 1062 717 1107; x_wconf 86' lang='grc' dir='ltr'>ὁ</span> <span class='ocrx_word' id='word_1_78' title='bbox 742 1060 985 1107; x_wconf 79' lang='grc' dir='ltr'><strong><em>Ὀδυσσεὺς</em></strong></span> <span class='ocrx_word' id='word_1_79' title='bbox 1011 1063 1059 1104; x_wconf 81' lang='grc' dir='ltr'>δέ</span> <span class='ocrx_word' id='word_1_80' title='bbox 1083 1076 1174 1104; x_wconf 79' lang='grc' dir='ltr'>που</span> <span class='ocrx_word' id='word_1_81' title='bbox 1204 1062 1447 1112; x_wconf 79' lang='grc' dir='ltr'><em>Ὀλυσσεὺς</em></span> 
     </span>
     <span class='ocr_line' id='line_1_12' title="bbox 145 1137 1446 1204; baseline -0.001 -15"><span class='ocrx_word' id='word_1_82' title='bbox 145 1144 228 1190; x_wconf 78' lang='grc' dir='ltr'>καί</span> <span class='ocrx_word' id='word_1_83' title='bbox 264 1143 299 1199; x_wconf 77' lang='grc' dir='ltr'><em>ἦ</em></span> <span class='ocrx_word' id='word_1_84' title='bbox 332 1141 574 1188; x_wconf 78' lang='grc' dir='ltr'><em>Ὀδύσσεια</em></span> <span class='ocrx_word' id='word_1_85' title='bbox 608 1139 880 1200; x_wconf 78' lang='grc' dir='ltr'><em>Ὀλύσσεια,</em></span> <span class='ocrx_word' id='word_1_86' title='bbox 930 1137 1007 1185; x_wconf 90' lang='lat' dir='ltr'>ubi</span> <span class='ocrx_word' id='word_1_87' title='bbox 1050 1156 1241 1186; x_wconf 88' lang='lat' dir='ltr'>errorem</span> <span class='ocrx_word' id='word_1_88' title='bbox 1284 1140 1446 1204; x_wconf 87' lang='lat' dir='ltr'>injuria</span> 
     </span>
     <span class='ocr_line' id='line_1_13' title="bbox 145 1218 1443 1286; baseline -0.001 -17"><span class='ocrx_word' id='word_1_89' title='bbox 145 1231 292 1286; x_wconf 87' lang='lat' dir='ltr'>crepat</span> <span class='ocrx_word' id='word_1_90' title='bbox 324 1220 528 1266; x_wconf 85' lang='lat' dir='ltr'>Maittair.</span> <span class='ocrx_word' id='word_1_91' title='bbox 563 1221 617 1267; x_wconf 90' lang='lat' dir='ltr'>de</span> <span class='ocrx_word' id='word_1_92' title='bbox 650 1218 764 1267; x_wconf 90' lang='lat' dir='ltr'>diall.</span> <span class='ocrx_word' id='word_1_93' title='bbox 801 1238 842 1285; x_wconf 91' lang='lat' dir='ltr'>p.</span> <span class='ocrx_word' id='word_1_94' title='bbox 884 1221 987 1270; x_wconf 76' lang='lat'>143.</span> <span class='ocrx_word' id='word_1_95' title='bbox 1027 1220 1071 1266; x_wconf 94' lang='lat' dir='ltr'>C.</span> <span class='ocrx_word' id='word_1_96' title='bbox 1158 1218 1281 1267; x_wconf 85' lang='lat' dir='ltr'>Alter</span> <span class='ocrx_word' id='word_1_97' title='bbox 1321 1219 1443 1268; x_wconf 86' lang='lat' dir='ltr'>locus</span> 
     </span>
     <span class='ocr_line' id='line_1_14' title="bbox 144 1299 1444 1352; baseline -0.003 0"><span class='ocrx_word' id='word_1_98' title='bbox 144 1302 266 1352; x_wconf 85' lang='lat' dir='ltr'>alteri</span> <span class='ocrx_word' id='word_1_99' title='bbox 301 1299 460 1348; x_wconf 83' lang='lat' dir='ltr'>auxilio</span> <span class='ocrx_word' id='word_1_100' title='bbox 491 1311 565 1347; x_wconf 86' lang='lat' dir='ltr'>est.</span> <span class='ocrx_word' id='word_1_101' title='bbox 644 1303 705 1348; x_wconf 89' lang='lat' dir='ltr'>Ut</span> <span class='ocrx_word' id='word_1_102' title='bbox 739 1300 820 1347; x_wconf 88' lang='lat' dir='ltr'>hoc</span> <span class='ocrx_word' id='word_1_103' title='bbox 856 1312 969 1348; x_wconf 87' lang='lat' dir='ltr'>certe</span> <span class='ocrx_word' id='word_1_104' title='bbox 1004 1301 1227 1348; x_wconf 82' lang='lat' dir='ltr'>vasculum</span> <span class='ocrx_word' id='word_1_105' title='bbox 1260 1320 1348 1348; x_wconf 88' lang='lat' dir='ltr'>non</span> <span class='ocrx_word' id='word_1_106' title='bbox 1382 1303 1444 1348; x_wconf 79' lang='lat' dir='ltr'>vi-</span> 
     </span>
     <span class='ocr_line' id='line_1_15' title="bbox 144 1380 1443 1447; baseline -0.002 -15"><span class='ocrx_word' id='word_1_107' title='bbox 144 1385 300 1432; x_wconf 84' lang='lat' dir='ltr'>deatur</span> <span class='ocrx_word' id='word_1_108' title='bbox 322 1399 372 1428; x_wconf 85' lang='lat' dir='ltr'>ex</span> <span class='ocrx_word' id='word_1_109' title='bbox 393 1381 535 1428; x_wconf 88' lang='lat' dir='ltr'>Attica</span> <span class='ocrx_word' id='word_1_110' title='bbox 557 1380 731 1428; x_wconf 82' lang='lat' dir='ltr'>officina</span> <span class='ocrx_word' id='word_1_111' title='bbox 752 1381 976 1446; x_wconf 88' lang='lat' dir='ltr'>prodisse;</span> <span class='ocrx_word' id='word_1_112' title='bbox 1010 1381 1236 1428; x_wconf 87' lang='lat' dir='ltr'>Euboeam</span> <span class='ocrx_word' id='word_1_113' title='bbox 1258 1383 1443 1447; x_wconf 89' lang='lat' dir='ltr'>patriam</span> 
     </span>
     <span class='ocr_line' id='line_1_16' title="bbox 143 1454 1444 1526; baseline -0.002 -13"><span class='ocrx_word' id='word_1_114' title='bbox 143 1454 307 1514; x_wconf 70' lang='lat' dir='ltr'>h&#39;abere</span> <span class='ocrx_word' id='word_1_115' title='bbox 341 1460 580 1508; x_wconf 81' lang='lat' dir='ltr'>Muellerus</span> <span class='ocrx_word' id='word_1_116' title='bbox 617 1462 813 1526; x_wconf 81' lang='lat' dir='ltr'>conjicit3</span> <span class='ocrx_word' id='word_1_117' title='bbox 849 1462 955 1509; x_wconf 86' lang='lat' dir='ltr'>mihi</span> <span class='ocrx_word' id='word_1_118' title='bbox 989 1481 1039 1509; x_wconf 77' lang='lat' dir='ltr'>cx</span> <span class='ocrx_word' id='word_1_119' title='bbox 1065 1463 1230 1526; x_wconf 83' lang='lat' dir='ltr'>Magna</span> <span class='ocrx_word' id='word_1_120' title='bbox 1259 1463 1444 1511; x_wconf 82' lang='lat' dir='ltr'>Graecia</span> 
     </span>
     <span class='ocr_line' id='line_1_17' title="bbox 143 1541 1443 1609; baseline -0.002 -15"><span class='ocrx_word' id='word_1_121' title='bbox 143 1548 192 1594; x_wconf 89' lang='lat' dir='ltr'>in</span> <span class='ocrx_word' id='word_1_122' title='bbox 211 1544 431 1592; x_wconf 79' lang='lat' dir='ltr'>Etruriam</span> <span class='ocrx_word' id='word_1_123' title='bbox 455 1541 709 1589; x_wconf 86' lang='lat' dir='ltr'>translatum</span> <span class='ocrx_word' id='word_1_124' title='bbox 730 1543 912 1591; x_wconf 81' lang='lat' dir='ltr'>videtur.</span> <span class='ocrx_word' id='word_1_125' title='bbox 981 1544 1043 1590; x_wconf 83' lang='lat' dir='ltr'>Ita</span> <span class='ocrx_word' id='word_1_126' title='bbox 1065 1542 1337 1609; x_wconf 86' lang='lat' dir='ltr'>saepiuscule</span> <span class='ocrx_word' id='word_1_127' title='bbox 1364 1543 1443 1591; x_wconf 93' lang='lat' dir='ltr'>ho-</span> 
     </span>
     <span class='ocr_line' id='line_1_18' title="bbox 144 1616 1445 1686; baseline -0.002 -11"><span class='ocrx_word' id='word_1_128' title='bbox 144 1628 283 1676; x_wconf 87' lang='lat' dir='ltr'>mines</span> <span class='ocrx_word' id='word_1_129' title='bbox 317 1622 411 1670; x_wconf 88' lang='lat' dir='ltr'>Itali</span> <span class='ocrx_word' id='word_1_130' title='bbox 437 1621 532 1668; x_wconf 90' lang='lat' dir='ltr'>loco</span> <span class='ocrx_word' id='word_1_131' title='bbox 565 1617 892 1673; x_wconf 58' lang='lat' dir='ltr'>Graecorum}</span> <span class='ocrx_word' id='word_1_132' title='bbox 922 1623 1085 1671; x_wconf 83' lang='lat' dir='ltr'>habent</span> <span class='ocrx_word' id='word_1_133' title='bbox 1105 1617 1169 1686; x_wconf 61' lang='grc' dir='ltr'>ἶ,</span> <span class='ocrx_word' id='word_1_134' title='bbox 1195 1616 1241 1681; x_wconf 72' lang='lat' dir='ltr'>T,</span> <span class='ocrx_word' id='word_1_135' title='bbox 1277 1634 1324 1670; x_wconf 83' lang='lat' dir='ltr'>ut</span> <span class='ocrx_word' id='word_1_136' title='bbox 1355 1627 1445 1672; x_wconf 71' lang='lat'><em>‹502-</em></span> 
     </span>
     <span class='ocr_line' id='line_1_19' title="bbox 145 1702 1443 1772; baseline 0.004 -24"><span class='ocrx_word' id='word_1_137' title='bbox 145 1723 322 1771; x_wconf 72' lang='grc' dir='ltr'><strong><em>κρυον</em></strong></span> <span class='ocrx_word' id='word_1_138' title='bbox 354 1702 403 1750; x_wconf 84' lang='lat' dir='ltr'>fit</span> <span class='ocrx_word' id='word_1_139' title='bbox 436 1704 651 1750; x_wconf 73' lang='lat' dir='ltr'>[acrama</span> <span class='ocrx_word' id='word_1_140' title='bbox 671 1715 712 1751; x_wconf 87' lang='lat' dir='ltr'>et</span> <span class='ocrx_word' id='word_1_141' title='bbox 745 1723 856 1769; x_wconf 86' lang='lat' dir='ltr'>quae</span> <span class='ocrx_word' id='word_1_142' title='bbox 878 1715 979 1752; x_wconf 85' lang='lat' dir='ltr'>sunt</span> <span class='ocrx_word' id='word_1_143' title='bbox 999 1723 1066 1771; x_wconf 89' lang='lat' dir='ltr'>ap.</span> <span class='ocrx_word' id='word_1_144' title='bbox 1093 1706 1323 1753; x_wconf 86' lang='lat' dir='ltr'>Welcker.</span> <span class='ocrx_word' id='word_1_145' title='bbox 1349 1708 1443 1772; x_wconf 94' lang='lat' dir='ltr'>Ap-</span> 
     </span>
     <span class='ocr_line' id='line_1_20' title="bbox 142 1783 1443 1855; baseline -0.001 -20"><span class='ocrx_word' id='word_1_146' title='bbox 142 1787 274 1855; x_wconf 89' lang='lat' dir='ltr'>pend.</span> <span class='ocrx_word' id='word_1_147' title='bbox 300 1783 465 1847; x_wconf 84' lang='lat' dir='ltr'>Trilog.</span> <span class='ocrx_word' id='word_1_148' title='bbox 490 1783 649 1831; x_wconf 89' lang='lat' dir='ltr'>Aesch.</span> <span class='ocrx_word' id='word_1_149' title='bbox 675 1804 717 1851; x_wconf 90' lang='lat' dir='ltr'>p.</span> <span class='ocrx_word' id='word_1_150' title='bbox 742 1787 816 1833; x_wconf 83' lang='lat'>92.</span> <span class='ocrx_word' id='word_1_151' title='bbox 881 1788 977 1832; x_wconf 92' lang='lat' dir='ltr'>Huc</span> <span class='ocrx_word' id='word_1_152' title='bbox 1003 1786 1080 1832; x_wconf 88' lang='lat' dir='ltr'>ubi</span> <span class='ocrx_word' id='word_1_153' title='bbox 1102 1785 1286 1834; x_wconf 89' lang='lat' dir='ltr'>formam</span> <span class='ocrx_word' id='word_1_154' title='bbox 1312 1788 1443 1834; x_wconf 82' lang='lat' dir='ltr'>Etru-</span> 
     </span>
     <span class='ocr_line' id='line_1_21' title="bbox 143 1866 1445 1933; baseline -0.003 -16"><span class='ocrx_word' id='word_1_155' title='bbox 143 1886 261 1917; x_wconf 87' lang='lat' dir='ltr'>scam</span> <span class='ocrx_word' id='word_1_156' title='bbox 295 1883 406 1931; x_wconf 89' lang='lat' dir='ltr'>quae</span> <span class='ocrx_word' id='word_1_157' title='bbox 443 1875 508 1911; x_wconf 89' lang='lat' dir='ltr'>est</span> <span class='ocrx_word' id='word_1_158' title='bbox 544 1866 698 1912; x_wconf 69' lang='lat' dir='ltr'>Ulusce</span> <span class='ocrx_word' id='word_1_159' title='bbox 731 1867 981 1924; x_wconf 86' lang='lat' dir='ltr'>addideris,</span> <span class='ocrx_word' id='word_1_160' title='bbox 1027 1868 1171 1932; x_wconf 90' lang='lat' dir='ltr'>quade</span> <span class='ocrx_word' id='word_1_161' title='bbox 1208 1868 1445 1933; x_wconf 86' lang='lat' dir='ltr'>disputavit</span> 
     </span>
     <span class='ocr_line' id='line_1_22' title="bbox 141 1947 1443 2012; baseline -0.003 -15"><span class='ocrx_word' id='word_1_162' title='bbox 141 1948 339 1997; x_wconf 88' lang='lat' dir='ltr'>Mueller.</span> <span class='ocrx_word' id='word_1_163' title='bbox 365 1947 560 1993; x_wconf 79' lang='lat' dir='ltr'>Etrusco.</span> <span class='ocrx_word' id='word_1_164' title='bbox 591 1947 646 2003; x_wconf 90' lang='lat' dir='ltr'>II,</span> <span class='ocrx_word' id='word_1_165' title='bbox 672 1965 713 2012; x_wconf 90' lang='lat' dir='ltr'>p.</span> <span class='ocrx_word' id='word_1_166' title='bbox 741 1948 874 2005; x_wconf 65' lang='lat'>279,</span> <span class='ocrx_word' id='word_1_167' title='bbox 913 1947 1116 1996; x_wconf 87' lang='lat' dir='ltr'>devenias</span> <span class='ocrx_word' id='word_1_168' title='bbox 1148 1948 1204 1995; x_wconf 88' lang='lat' dir='ltr'>ad</span> <span class='ocrx_word' id='word_1_169' title='bbox 1236 1966 1328 1994; x_wconf 87' lang='lat' dir='ltr'>eam</span> <span class='ocrx_word' id='word_1_170' title='bbox 1353 1947 1443 1993; x_wconf 85' lang='lat' dir='ltr'>for-</span> 
     </span>
     <span class='ocr_line' id='line_1_23' title="bbox 141 2027 1444 2094; baseline -0.002 -18"><span class='ocrx_word' id='word_1_171' title='bbox 141 2048 278 2085; x_wconf 88' lang='lat' dir='ltr'>mam,</span> <span class='ocrx_word' id='word_1_172' title='bbox 330 2045 460 2092; x_wconf 86' lang='lat' dir='ltr'>quam</span> <span class='ocrx_word' id='word_1_173' title='bbox 495 2027 633 2093; x_wconf 82' lang='lat' dir='ltr'>Ibyco</span> <span class='ocrx_word' id='word_1_174' title='bbox 668 2027 872 2090; x_wconf 81' lang='lat' dir='ltr'>Rhegino</span> <span class='ocrx_word' id='word_1_175' title='bbox 907 2041 1161 2094; x_wconf 83' lang='lat' dir='ltr'>usurpatam</span> <span class='ocrx_word' id='word_1_176' title='bbox 1196 2028 1444 2076; x_wconf 86' lang='lat' dir='ltr'>Siculorum</span> 
     </span>
     <span class='ocr_line' id='line_1_24' title="bbox 143 2108 1442 2173; baseline -0.001 -19"><span class='ocrx_word' id='word_1_177' title='bbox 143 2108 448 2172; x_wconf 86' lang='lat' dir='ltr'>Doriensium,</span> <span class='ocrx_word' id='word_1_178' title='bbox 485 2108 598 2155; x_wconf 88' lang='lat' dir='ltr'>inter</span> <span class='ocrx_word' id='word_1_179' title='bbox 629 2126 739 2173; x_wconf 87' lang='lat' dir='ltr'>quos</span> <span class='ocrx_word' id='word_1_180' title='bbox 775 2121 990 2156; x_wconf 86' lang='lat' dir='ltr'>versatum</span> <span class='ocrx_word' id='word_1_181' title='bbox 1021 2111 1220 2157; x_wconf 87' lang='lat' dir='ltr'>novimus</span> <span class='ocrx_word' id='word_1_182' title='bbox 1240 2109 1442 2170; x_wconf 87' lang='lat' dir='ltr'>Ibycum,</span> 
     </span>
     <span class='ocr_line' id='line_1_25' title="bbox 142 2174 1444 2254; baseline -0.002 -19"><span class='ocrx_word' id='word_1_183' title='bbox 142 2189 367 2254; x_wconf 90' lang='lat' dir='ltr'>propriam</span> <span class='ocrx_word' id='word_1_184' title='bbox 401 2187 537 2235; x_wconf 85' lang='lat' dir='ltr'>fuisse</span> <span class='ocrx_word' id='word_1_185' title='bbox 570 2174 699 2254; x_wconf 28' lang='lat' dir='ltr'>atqu-e</span> <span class='ocrx_word' id='word_1_186' title='bbox 746 2188 1028 2236; x_wconf 86' lang='lat' dir='ltr'>domesticam</span> <span class='ocrx_word' id='word_1_187' title='bbox 1064 2189 1300 2253; x_wconf 80' lang='lat' dir='ltr'>colligitur,</span> <span class='ocrx_word' id='word_1_188' title='bbox 1354 2191 1444 2236; x_wconf 78' lang='grc' dir='ltr'>Οὐ-</span> 
     </span>
     <span class='ocr_line' id='line_1_26' title="bbox 140 2267 1443 2336; baseline -0.002 -20"><span class='ocrx_word' id='word_1_189' title='bbox 140 2273 296 2332; x_wconf 76' lang='grc' dir='ltr'><strong><em>λίξην,</em></strong></span> <span class='ocrx_word' id='word_1_190' title='bbox 333 2267 454 2332; x_wconf 84' lang='lat' dir='ltr'>quod</span> <span class='ocrx_word' id='word_1_191' title='bbox 484 2269 648 2316; x_wconf 90' lang='lat' dir='ltr'>Latinis</span> <span class='ocrx_word' id='word_1_192' title='bbox 681 2287 933 2336; x_wconf 86' lang='lat' dir='ltr'>expressum</span> <span class='ocrx_word' id='word_1_193' title='bbox 964 2269 1098 2316; x_wconf 83' lang='lat' dir='ltr'>literis</span> <span class='ocrx_word' id='word_1_194' title='bbox 1129 2269 1304 2317; x_wconf 89' lang='lat' dir='ltr'>sonabit</span> <span class='ocrx_word' id='word_1_195' title='bbox 1344 2268 1443 2314; x_wconf 83' lang='lat' dir='ltr'><em>Uli-</em></span> 
     </span>
    </p>
   </div>
   <div class='ocr_carea' id='block_1_3' title="bbox 273 2456 1442 2506">
    <p class='ocr_par' dir='ltr' id='par_1_3' title="bbox 273 2456 1442 2506">
     <span class='ocr_line' id='line_1_27' title="bbox 273 2456 1442 2506; baseline 0.001 -18"><span class='ocrx_word' id='word_1_196' title='bbox 273 2457 427 2494; x_wconf 74' lang='lat' dir='ltr'>deduci,-</span> <span class='ocrx_word' id='word_1_197' title='bbox 466 2456 550 2490; x_wconf 79' lang='lat' dir='ltr'>alias</span> <span class='ocrx_word' id='word_1_198' title='bbox 579 2457 672 2491; x_wconf 87' lang='lat' dir='ltr'>enim</span> <span class='ocrx_word' id='word_1_199' title='bbox 712 2472 784 2493; x_wconf 87' lang='lat' dir='ltr'>non</span> <span class='ocrx_word' id='word_1_200' title='bbox 824 2460 869 2494; x_wconf 88' lang='lat' dir='ltr'>ita</span> <span class='ocrx_word' id='word_1_201' title='bbox 909 2472 1038 2506; x_wconf 80' lang='lat' dir='ltr'>magno</span> <span class='ocrx_word' id='word_1_202' title='bbox 1079 2458 1262 2493; x_wconf 69' lang='lat' dir='ltr'>intervallo</span> <span class='ocrx_word' id='word_1_203' title='bbox 1292 2463 1442 2502; x_wconf 82' lang='lat' dir='ltr'>utraque</span> 
     </span>
    </p>
   </div>
   <div class='ocr_carea' id='block_1_4' title="bbox 270 2520 1442 2618">
    <p class='ocr_par' dir='ltr' id='par_1_4' title="bbox 270 2520 1442 2618">
     <span class='ocr_line' id='line_1_28' title="bbox 270 2520 1442 2571; baseline 0.001 -18"><span class='ocrx_word' id='word_1_204' title='bbox 270 2520 386 2554; x_wconf 84' lang='lat' dir='ltr'>forma</span> <span class='ocrx_word' id='word_1_205' title='bbox 417 2520 580 2563; x_wconf 75' lang='lat' dir='ltr'>distaret;</span> <span class='ocrx_word' id='word_1_206' title='bbox 612 2521 790 2569; x_wconf 83' lang='lat' dir='ltr'>flagitabat</span> <span class='ocrx_word' id='word_1_207' title='bbox 819 2524 972 2571; x_wconf 87' lang='lat' dir='ltr'>denique</span> <span class='ocrx_word' id='word_1_208' title='bbox 1000 2537 1084 2558; x_wconf 82' lang='lat' dir='ltr'>usus</span> <span class='ocrx_word' id='word_1_209' title='bbox 1111 2525 1378 2564; x_wconf 84' lang='lat' dir='ltr'>Romanorum,</span> <span class='ocrx_word' id='word_1_210' title='bbox 1413 2535 1442 2554; x_wconf 89' lang='lat' dir='ltr'>v.</span> 
     </span>
     <span class='ocr_line' id='line_1_29' title="bbox 271 2584 372 2618; baseline 0.01 -1"><span class='ocrx_word' id='word_1_211' title='bbox 271 2584 372 2618; x_wconf 79' lang='lat' dir='ltr'>infra.</span> 
     </span>
    </p>
   </div>
  </div>
 </body>
</html>
