1677 3059
675 258 741 267 .-..
864 232 928 280 34
1049 260 1115 268 .-

302 371 489 420 Alcaeus
526 380 676 434 gentes
711 371 845 417 movit
878 380 1139 436 praeceptor
1168 373 1341 430 amoris,

365 451 527 518 Ibycus
562 452 658 516 ipse
692 461 838 496 tamen
871 450 1029 497 transit
1061 451 1107 497 in
1141 451 1252 498 urbe
1286 471 1376 500 sua.

234 536 345 582 Nam
385 551 477 578 non
521 531 631 578 adeo
666 529 978 578 modulationis
1020 530 1273 596 imperitum
1304 535 1544 597 putaverim

233 614 457 662 hominem
490 612 652 670 fuisse,
688 621 738 658 ut
766 611 957 659 mediam
989 612 1037 658 in
1061 610 1225 659 Alcaeo
1259 614 1540 679 corripuerit:

232 705 459 761 praeterea
493 703 768 760 praeceptor
817 691 1040 739 desiderat
1084 691 1336 757 adjunctam
1377 713 1543 744 memo-

229 776 340 822 riam
393 774 457 821 rei
502 783 784 839 praeceptae3
842 772 995 820 Cicero
1041 771 1234 837 denique
1288 777 1545 842 praeposuit

228 855 464 913 Alcaeum,
501 874 525 901 a
561 872 649 919 quo
682 872 774 901 non
810 864 902 900 erat
932 871 1011 900 cur
1043 852 1290 901 discederet
1322 855 1416 902 iste.

357 935 438 982 His
474 933 714 1000 explanatis
751 933 808 980 ad
843 932 1166 981 consideranda
1200 952 1363 997 genera
1398 948 1440 984 et
1471 937 1541 984 in-

226 1015 371 1063 dolem
415 1015 658 1063 carminum
704 1014 759 1060 ab
794 1014 932 1081 Ibyco
968 1004 1267 1061 confectorum
1300 1017 1542 1064 orationem

226 1096 508 1143 deducamus.
587 1094 828 1143 Nobilitata
861 1094 1015 1141 eximie
1051 1095 1244 1142 carmina
1274 1096 1369 1159 ejus
1401 1096 1540 1144 fuisse

225 1177 459 1234 amatoria,
517 1175 584 1223 vel
615 1193 720 1222 suos
758 1173 983 1240 complexa
1017 1193 1213 1233 amores,
1257 1186 1307 1222 ut
1341 1175 1470 1239 frgm.
1505 1178 1536 1223 I.

222 1259 273 1304 II.
310 1257 409 1314 III.‚
456 1256 522 1304 vel
570 1255 780 1313 aliorum,
837 1266 888 1302 ut
922 1273 1099 1301 carmen
1146 1255 1340 1318 Gorgiae
1380 1256 1538 1303 inscri-

221 1350 369 1404 ptum,
401 1357 438 1385 v.
462 1338 590 1400 frgm.
616 1337 706 1393 VI„
744 1335 904 1383 docent
940 1354 1052 1401 quae
1089 1353 1225 1400 supra
1247 1336 1302 1383 de
1335 1336 1535 1384 moribus

219 1430 376 1486 poetae
423 1417 724 1465 disseruimus.
815 1415 1188 1463 Ardentissimum
1223 1418 1370 1464 omnia
1403 1419 1535 1484 spiri-

219 1511 313 1547 tum
348 1511 390 1547 et
421 1499 570 1546 nisum
603 1497 864 1555 ostendunt,
899 1508 948 1543 ut
980 1497 1027 1543 in
1061 1496 1191 1559 srgm.
1216 1498 1247 1543 I.
1282 1499 1535 1548 Athenaeus

218 1591 335 1628 recte
368 1582 484 1644 βοᾶν
517 1582 600 1627 καί
639 1585 912 1641 κεκραγέναι
949 1588 1199 1642 correptum
1233 1577 1382 1626 furore
1417 1598 1535 1627 ama-

218 1661 332 1709 torio
357 1671 533 1726 poetam
560 1658 730 1706 dixerit.
800 1658 893 1706 Sed
924 1658 1166 1715 videamus,
1201 1669 1367 1706 veteres
1390 1659 1536 1725 qualia

220 1742 413 1789 carmina
448 1740 587 1807 Ibyco
621 1739 908 1802 assignarim:
955 1740 1002 1786 in
1038 1757 1126 1804 qua
1161 1757 1317 1786 caussa
1350 1751 1393 1787 et
1422 1759 1533 1807 pau-

219 1821 326 1869 citas
372 1831 414 1867 et
466 1820 656 1868 tenuitas
707 1819 968 1867 traditarum
1023 1837 1171 1866 rerum
1213 1819 1405 1867 dolenda
1454 1833 1529 1868 est.

219 1901 365 1950 Schol.
397 1901 527 1950 Pind.
563 1902 712 1949 Isthm.
744 1901 800 1959 II,
836 1905 875 1952 1.
906 1902 1012 1949 “On
1040 1907 1142 1964 περὶ
1172 1902 1391 1948 παιδικοῦ
1420 1904 1530 1964 ἔρω-

217 2001 294 2034 τος
335 1978 398 2042 ἦν
427 1990 521 2034 τοῖς
562 1989 776 2044 Λυρικοῖς
820 1983 853 2039 ἦ
894 1983 991 2029 τῶν
1022 1985 1296 2042 ποιημάτων
1329 1985 1529 2047 σπουδὴ,

217 2066 434 2123 δημώδης
454 2067 482 2112 ὁ
505 2065 663 2125 λόγος.
695 2063 851 2108 ταῦτα
874 2067 923 2110 δὲ
947 2069 1075 2111 τείνει
1107 2067 1188 2111 καί
1214 2068 1271 2114 εἰς
1294 2064 1402 2112 τοὺς
1430 2066 1532 2124 περι·

218 2152 423 2193 Ἀλκαῖον
456 2147 538 2192 καί
561 2143 747 2207 Ἴβυκον
783 2146 865 2189 καί
895 2150 1190 2206 Ἀνακρέοντα
1231 2145 1313 2190 καί
1350 2144 1391 2188 εἴ
1418 2159 1531 2194 τινες

217 2229 306 2290 πρὸ
350 2226 500 2273 αὐτοῦ
532 2225 722 2271 δοκοῦσι
754 2226 856 2285 περὶ
886 2225 950 2271 τὰ
982 2225 1179 2271 παιδικὰ
1215 2224 1528 2281 ῆσχολῆσθαι.

221 2308 348 2370 Quae
380 2305 458 2371 qui
492 2303 669 2368 scripsit
704 2302 973 2363 Scholiasta,
1020 2303 1157 2351 solam
1190 2303 1530 2352 Pindaricorum

219 2388 453 2435 verborum
492 2384 700 2450 spectavit
746 2384 1101 2450 explicationem:
1162 2403 1265 2432 nam
1298 2382 1528 2447 haudqua-

221 2486 351 2531 quam
385 2467 432 2513 in
470 2463 740 2512 carminibus
778 2467 997 2513 amatoriis
1035 2465 1318 2513 consenuisse
1351 2463 1527 2510 Musam

219 2546 413 2612 Ibyciam
449 2544 680 2611 apparebit
721 2545 845 2593 infra.
936 2549 1148 2595 Incertius
1195 2546 1322 2594 etiam
1377 2541 1522 2590 schol.

219 2628 409 2673 Ravcnn.
452 2628 526 2674 Ar.
566 2627 739 2675 Thesm.
782 2629 911 2686 161.‚
962 2631 1040 2677 vol.
1078 2629 1128 2675 II.
1167 2647 1207 2693 p.
1242 2628 1348 2674 272.
1384 2622 1519 2671 Bekk.
