1677 3059
702 242 767 253 —-
893 216 954 264 16
1076 249 1141 258 .-

271 368 342 403 tus
368 373 478 413 esse,
514 371 601 420 quo
628 354 916 404 Anacreontis
941 359 1161 405 consortio
1195 378 1323 410 usum
1343 373 1580 430 tyrannum

273 436 536 502 accepimuS,
573 434 642 482 Ol.
665 436 801 494 LXH,
823 440 869 495 2,
894 438 970 484 cfr.
996 439 1183 486 Clinton.
1209 459 1251 506 p.
1278 443 1350 489 13.
1404 443 1582 505 Quodsi

272 529 414 565 autem
447 535 547 564 vere
579 515 649 564 Ol.
683 519 778 573 LX,
804 518 827 565 1
862 519 1035 581 agnitus
1064 531 1194 585 poeta
1218 531 1306 578 est,
1341 523 1467 588 eique
1492 535 1584 573 tum

270 597 423 660 viginti
455 614 671 643 annorum
707 608 889 646 aetatem
922 599 1182 658 tribuimus,
1230 619 1367 666 quum
1400 621 1583 651 nascen-

268 688 356 724 tem
390 688 618 743 poetarum
650 676 836 740 gloriam
863 680 1112 744 respexisse
1143 680 1396 740 videantur,
1432 684 1508 748 qui
1539 684 1585 730 in

270 778 348 807 ora
391 759 562 827 venisse
598 757 824 806 hominum
863 759 1084 825 produnt,
1137 772 1289 809 natum
1321 761 1585 811 habebimus

269 841 341 889 Ol.
376 842 468 898 LV,
508 840 547 888 1.
607 839 657 886 In
692 858 779 905 qua
812 840 981 888 ratione
1010 841 1142 888 nobis
1177 842 1224 888 in
1259 852 1379 889 tanta
1411 842 1587 890 testium

271 921 338 970 vel
381 921 598 987 paucitate
641 920 707 968 vel
750 921 1060 969 incertitudine
1091 923 1374 988 acquiescere
1418 923 1586 970 tutissi-

270 1020 390 1050 mum
425 1000 608 1048 videtur.
695 1001 849 1066 Neque
883 1002 998 1049 enim
1028 1001 1132 1049 inde
1168 1003 1406 1067 quicquam
1439 1003 1584 1050 lucra-

268 1101 390 1139 mur,
428 1081 549 1147 quod
578 1080 828 1128 Simonides
859 1093 962 1147 post
993 1100 1092 1129 eum
1124 1082 1282 1128 vixisse
1310 1082 1584 1148 perhibetur,

267 1185 305 1212 v.
340 1162 486 1212 Schol.
522 1162 667 1228 Apoll.
700 1162 784 1208 Rh.
821 1162 897 1220 IV,
928 1163 1041 1222 815,
1079 1181 1209 1227 quem
1245 1173 1428 1211 aetatem
1454 1163 1585 1228 longe

267 1245 530 1312 produxisse
570 1241 873 1309 pervulgatum
910 1244 992 1302 sit,
1042 1262 1079 1290 v.
1115 1241 1328 1290 Niebuhr.
1378 1263 1447 1310 ap.
1479 1245 1585 1310 Maj.

269 1327 357 1374 Cic.
391 1326 503 1391 Rep.
535 1325 590 1382 II,
616 1326 701 1382 10,
737 1324 814 1389 qui
845 1323 966 1372 locus
1004 1325 1041 1371 si
1065 1334 1251 1372 exstaret
1271 1324 1456 1386 integer,
1494 1342 1587 1371 cer-

266 1409 378 1455 tiora
419 1406 473 1453 de
518 1417 654 1453 aetate
705 1404 830 1472 Ibyci
874 1404 1022 1452 liceret
1063 1404 1276 1471 proferre.
1374 1406 1587 1453 Universe

267 1507 369 1536 vero
395 1488 501 1534 haec
528 1497 678 1533 nostra
703 1485 870 1552 putatio
893 1496 1140 1551 temporum
1171 1483 1454 1534 confirmatur
1487 1486 1585 1535 loco

270 1568 554 1615 Grammatici
591 1567 637 1614 in
682 1566 886 1613 Boisson.
921 1565 1122 1614 Anecdd.
1170 1566 1247 1613 Gr.
1281 1567 1357 1625 IV,
1393 1586 1437 1632 p.
1473 1568 1585 1626 458,

270 1649 346 1715 qui
379 1647 540 1714 lyricos
575 1658 727 1713 poetas
763 1664 814 1693 eo
849 1647 1005 1694 ordine
1040 1647 1331 1704 enumeravit,
1382 1666 1471 1712 quo
1504 1646 1586 1694 sso-

268 1740 453 1778 ruerunt
484 1728 553 1774 his
591 1726 759 1775 verbis:
815 1730 1010 1789 Λύρικοό
1043 1733 1092 1775 δέ
1139 1732 1249 1776 εἰσιν
1282 1716 1440 1775 οὗτοι·
1494 1735 1584 1778 Ἀλ-

269 1813 420 1875 κμὰν,
457 1815 760 1872 Στησίχορος,
804 1815 1032 1872 Ἀλκαῖος,
1073 1807 1244 1872 Ἴβυκος
1256 1844 1275 1872 ,
1320 1814 1583 1872 Ἀνακρέων,

269 1894 537 1953 Σιμωνίδης,
568 1894 813 1953 Πίνδαρος,
848 1893 1150 1946 Βακχυλίδης.
1219 1888 1351 1937 Unde
1387 1900 1583 1955 apparet,

269 1970 559 2026 Anacreonti,
597 1987 727 2034 quem
756 1968 919 2016 Euseb.
958 1968 1028 2015 Ol.
1057 1970 1193 2028 LXII,
1221 1971 1244 2017 1
1282 1969 1484 2017 floruisse
1514 1987 1583 2016 re-

270 2056 379 2111 fert,
426 2051 720 2118 praecessisse
752 2061 890 2098 aetate
931 2063 1106 2116 poetam
1151 2050 1415 2114 Rheginum.
1502 2050 1582 2097 Ce-

269 2148 410 2183 terum
459 2132 543 2179 hoe
586 2131 809 2197 specimen
856 2130 998 2178 editor
1038 2150 1087 2178 ex
1135 2130 1318 2198 Didymi
1364 2130 1478 2177 libro
1525 2130 1580 2178 de

268 2215 408 2281 poetis
446 2212 594 2280 lyricis
632 2221 883 2277 excerptum
917 2212 1164 2277 suspicatus
1202 2222 1278 2259 est.
1365 2211 1580 2258 Conveni-

267 2284 348 2343 unt
380 2312 486 2342 sane
518 2292 564 2339 in
598 2291 782 2359 Didymi
817 2292 1033 2350 indolem,
1083 2290 1256 2356 qualem
1292 2291 1469 2339 aliunde
1505 2308 1578 2338 co-

400 2451 627 2487 collectiones
650 2449 939 2496 explicationibus
967 2450 1002 2484 in
1025 2450 1199 2485 cerebello
1226 2451 1315 2485 natis
1333 2451 1575 2485 collectorum.

400 2519 508 2552 Plura
528 2516 654 2550 similia
684 2529 714 2549 v.
746 2528 801 2561 ηρ.
824 2515 948 2549 ΧΥΟΙῘ.
967 2516 1109 2563 srgmrn.
1130 2514 1296 2562 poetriar.
1322 2530 1354 2562 p.
1378 2517 1451 2556 78„
1479 2514 1573 2547 Mei-

402 2584 478 2618 nek.
504 2581 662 2628 Euphor.
684 2595 717 2628 p.
746 2581 841 2623 179„
873 2595 912 2615 cx
943 2581 1070 2629 quibus
1100 2581 1143 2615 de
1165 2592 1248 2614 vero
1266 2580 1444 2627 proverbii
1464 2579 1574 2626 signi-

402 2650 507 2684 ficatu
535 2647 692 2692 judicare
721 2646 811 2681 licet.
