1677 3059
708 224 772 232 -—
880 194 971 240 176
1077 225 1141 232 —

273 356 343 400 ροι
373 338 659 385 λευκόπωλοι
694 354 763 401 ap.
794 335 939 383 Schol.
976 334 1183 385 AmbrOS.
1212 334 1299 386 Od.
1324 337 1445 395 XIX,
1471 339 1581 387 423.

272 420 388 466 Hine
419 419 661 484 posteriore
692 417 820 464 etiam
856 427 991 462 aetate
1021 416 1067 462 in
1097 415 1293 464 luxuriae
1314 435 1490 464 sensum
1513 417 1582 463 in-

273 499 650 565 terpretabantur,
685 517 721 545 v.
758 495 933 562 Ulpian.
969 497 1015 544 in
1036 497 1263 547 Demosth,
1298 498 1408 547 Mid.
1435 517 1478 563 p.
1501 500 1580 556 87,

274 583 329 628 D.
366 582 528 629 Buttm,
606 580 735 626 Bono
782 575 989 642 episeopo
1026 577 1408 624 Thessalonicensi
1445 597 1582 642 quum

274 663 320 709 in
355 661 404 708 Il.
440 662 567 709 Hom.
602 679 644 726 p.
668 658 777 716 524,
805 659 882 707 28.
918 659 1046 707 Rom.
1083 676 1135 705 ex
1168 658 1421 706 Herodiano
1454 677 1582 724 repe-

274 744 362 791 tiit:
397 743 642 790 λεύκιππος
674 744 754 787 uoce
784 741 914 802 παρὰ
935 740 1200 803 Στησιχόρῳ
1227 744 1405 800 λέγεται
1429 744 1583 788 ἐπιθε-

276 828 437 888 meos,
470 822 651 887 Ibycius
682 822 805 870 locus
839 820 1094 867 obversatus
1116 820 1300 870 videtur.
1334 851 1396 859 —
1438 825 1483 871 2.
1505 822 1584 869 Vi-

275 904 548 971 tuperandus
594 902 809 958 Casaub.,
866 901 941 965 qui
986 902 1209 965 optionem
1254 901 1425 948 dederit
1469 903 1583 950 inter

276 993 499 1035 Μολίονοες
520 993 561 1029 et
585 982 821 1031 Μολιόνας.
869 982 981 1027 Nam
1002 980 1102 1027 licet
1122 981 1302 1030 Pindar.
1326 993 1427 1046 post
1453 983 1579 1029 Hom.

276 1067 323 1114 Il.
358 1068 443 1123 XI,
478 1066 586 1116 750.
641 1066 898 1124 Ἀκτορίωνε
935 1067 1126 1109 Μολίονε
1166 1061 1348 1119 dixerit,
1399 1082 1486 1127 qua
1528 1063 1583 1111 de

276 1147 419 1193 forma
463 1164 502 1194 v.
537 1142 783 1192 Hemsterh.
828 1141 963 1188 Arist.
1007 1141 1121 1189 Plut.
1157 1161 1200 1208 p.
1232 1144 1368 1200 325„
1420 1143 1582 1190 Buttm.

279 1228 356 1274 Gr.
399 1224 527 1290 ampl.
563 1226 617 1282 II,
653 1244 696 1290 p.
732 1227 864 1279 333„
912 1234 1056 1269 tamen
1092 1223 1132 1269 h.
1169 1223 1196 1270 l.
1231 1242 1391 1270 nomen
1434 1224 1584 1271 matris

279 1307 335 1354 ad
362 1312 499 1353 τέκνα
521 1306 687 1370 requiri
711 1316 876 1352 eertum
901 1316 977 1355 est.
1046 1306 1190 1352 Mater
1213 1322 1363 1353 eorum
1387 1303 1584 1352 Moliona

276 1398 385 1433 teste
419 1386 614 1433 Hesiodo
651 1406 718 1452 ap.
746 1385 874 1436 Phot,
912 1405 943 1433 s.
968 1404 1006 1435 v,
1042 1389 1238 1435 Ἡσίοδος
1271 1389 1330 1436 ὥς
1362 1387 1585 1442 Μολιόνης

278 1471 401 1518 υἱοὺς
432 1473 664 1529 γεγόνένοιι
691 1473 1010 1531 παραδίδωσι,
1047 1485 1085 1515 v,
1109 1466 1276 1516 Albert.
1312 1466 1357 1512 in
1392 1466 1583 1533 Hesych.

277 1550 331 1606 II,
357 1568 397 1614 p.
422 1549 555 1606 615.,
598 1548 806 1615 Apollod.
833 1549 887 1605 II,
915 1551 959 1605 7,
986 1551 1030 1594 2.
1099 1548 1230 1594 Unde
1262 1548 1340 1595 filii
1373 1554 1584 1611 Μολίονε,

276 1632 340 1678 uti
375 1627 649 1694 saepiuscule
691 1647 716 1675 a
750 1628 963 1676 matribus
1000 1628 1222 1675 ducuntur
1253 1628 1584 1694 matronymica,

277 1713 462 1758 abusive
497 1709 602 1757 dicit
636 1710 840 1760 Diomed.
891 1712 966 1757 Gr.
1002 1710 1046 1768 I,
1080 1729 1122 1775 p.
1155 1712 1292 1768 310„
1337 1719 1386 1756 ut
1419 1707 1583 1754 Chiron

276 1789 540 1857 Philyrides.
618 1790 750 1836 Pater
790 1808 939 1837 eorum
974 1790 1040 1838 vel
1081 1792 1218 1839 Actor
1249 1791 1410 1838 dieitur
1442 1789 1585 1836 Phor-

277 1871 423 1918 bantis
454 1870 519 1917 vel
544 1874 812 1933 εὐρυκρείων
832 1877 1140 1937 Ἐνοσίχθων,
1175 1892 1212 1918 V.
1237 1873 1365 1920 Hom.
1390 1869 1439 1920 Il.
1465 1870 1585 1926 XIII,

276 1953 384 2000 206.
454 1951 573 1997 Inter
609 1970 736 2015 quem
774 1964 815 1999 et
849 1952 962 1999 filios
999 1964 1140 2000 artum
1175 1952 1475 1999 intercessisse
1509 1967 1586 1996 ne-

277 2051 380 2080 xum
416 2031 483 2078 vel
516 2038 691 2094 θεωριά
735 2032 915 2079 Isthmia
952 2033 1078 2080 docet
1113 2033 1168 2080 ab
1215 2032 1458 2097 eodemque
1499 2033 1587 2078 Ne-

277 2126 417 2180 ptuno
450 2119 594 2176 ἱππίῳ
619 2114 683 2160 rei
706 2113 920 2178 equestris
952 2113 1151 2179 peritiam
1176 2113 1301 2178 quasi
1322 2111 1585 2159 hereditario

277 2196 374 2260 jure
406 2195 521 2241 nacti
558 2206 670 2241 sunt.
700 2225 766 2230 —
844 2196 1025 2242 κτάνον.
1079 2195 1141 2242 Ita
1178 2194 1304 2242 codd.
1343 2193 1494 2258 optimi
1530 2192 1584 2238 A.

278 2278 330 2326 B.
370 2278 416 2326 C.
457 2276 685 2332 Dindorf.;
723 2275 864 2322 Aldus
890 2294 1025 2340 quum
1061 2278 1318 2323 κτανόνταν
1340 2284 1586 2320 monstrose

280 2358 572 2415 exhibuisset,
607 2357 798 2403 Ursinus
833 2374 879 2402 se
905 2359 1134 2404 κτανόντοι
1161 2355 1367 2403 maluisse
1393 2352 1586 2401 scribere

278 2439 506 2503 professus
543 2451 618 2488 est.
691 2437 826 2500 Quod
859 2437 943 2483 nisi
977 2438 1240 2502 optimorum
1272 2435 1485 2481 librorum
1509 2451 1585 2478 au-

280 2520 456 2566 ctoritas
491 2520 800 2576 intercederet,
849 2519 923 2582 qui
958 2518 1189 2565 Herculem
1223 2517 1367 2582 ipsum
1403 2513 1585 2577 loquen-

278 2610 364 2646 tem
399 2601 563 2649 faciunt
591 2601 841 2657 inductum,
883 2598 1008 2647 facile
1043 2618 1094 2646 eo
1132 2614 1381 2664 propensus
1417 2593 1586 2641 animus
