1677 3059
708 205 773 213 —
887 179 979 226 156
1089 210 1153 217 —

276 317 409 365 schol.
441 318 526 383 Ap.
560 316 645 364 Rh.
677 317 711 375 I,
750 317 853 364 105.
940 317 1141 366 Ceterum
1181 318 1372 368 Geistius
1411 320 1582 385 rejectis

276 418 374 447 cum
407 401 674 446 Buttmanno
711 399 755 445 in
790 398 939 446 scholl.
975 398 1180 446 Ambros.
1209 400 1374 467 Odyss.
1404 421 1446 468 p.
1470 402 1580 450 455.

274 480 455 526 somniis
497 478 939 527 Grammaticulorum
981 478 1233 527 dubitanter
1267 492 1409 528 ortum
1443 482 1582 546 conji-

276 561 333 607 cit
355 579 404 606 ex
439 563 590 611 αὕτως
609 563 716 607 ἀντί
738 562 822 607 τοῦ
848 561 1030 624 μάτην,
1069 577 1167 607 cum
1191 560 1350 608 Seholl.
1373 562 1580 610 Ambros.

275 639 440 707 Odyss.
466 643 564 699 XV,
593 642 664 689 13.
736 639 862 703 Quae
895 639 1075 705 quidem
1104 640 1298 706 suspicio
1324 642 1515 690 concidit
1541 652 1583 690 et

271 721 369 787 ipsa
399 722 436 769 si
468 734 619 771 nostra
652 741 806 770 caussa
839 721 1000 769 vicerit.

733 870 968 933 Fragm.
1018 869 1117 916 XX.

403 964 549 1012 Sehol.
584 975 665 1012 vet.
693 964 823 1011 Pind.
853 965 976 1011 Nem.
1007 964 1064 1021 X,
1102 966 1144 1012 7.

373 1048 602 1103 Διομήδεα
635 1047 677 1091 δ’
709 1043 941 1108 ἄμβροτον
976 1046 1135 1093 ξανθοὶ
1165 1060 1276 1090 ποτε
1310 1045 1584 1095 Γλαυκῶπις

271 1132 414 1185 ἔθηκε
439 1128 562 1174 θεὸν.
599 1128 697 1173 Καί
718 1114 851 1177 οὗτος
874 1132 1075 1190 Ἀργεῖος,
1108 1128 1156 1176 ὃς
1179 1131 1236 1173 δι’
1261 1126 1432 1187 οέρετὴν
1458 1126 1582 1182 ἄπη-

271 1213 571 1263 θανατίσθη·
622 1209 705 1253 καί
740 1210 837 1253 ἔστι
871 1211 973 1269 περί
1010 1207 1092 1253 τὸν
1122 1211 1295 1267 Ἀδρίαν
1337 1206 1583 1262 Διομήδεια

271 1290 406 1346 νῆσος
437 1289 563 1350 ἱερὰ,
599 1276 703 1347 ἕνῇ
733 1289 924 1344 τιμᾶται
957 1291 1018 1338 ὥς
1050 1287 1170 1336 θεὸς.
1225 1288 1327 1333 καί
1363 1285 1583 1348 Ἴβυκος

272 1370 450 1415 οὕτω·
492 1370 580 1426 τὴν
612 1369 848 1429 Ἑρμιόνην
881 1369 1032 1429 γήμας
1064 1370 1092 1415 o‘
1126 1369 1355 1426 Διομήδης
1387 1370 1583 1423 απ-ηθα-

271 1456 473 1509 νατίσθη
516 1451 601 1497 σὺν
637 1458 729 1499 τοῖς
773 1450 1084 1510 Διοςκούροις·
1140 1452 1223 1504 καί
1264 1451 1584 1497 συνδιαιτᾶται

272 1524 440 1581 αὐτοῖς.
499 1535 581 1579 καί
611 1536 831 1586 Πολέμων
860 1533 1049 1590 ἱστορεῖ·
1079 1535 1129 1577 ἐν
1159 1535 1243 1587 μὲν
1275 1533 1367 1592 γὰρ
1401 1535 1581 1591 Ἀργυρ-

271 1619 424 1664 ίπποις
446 1615 580 1673 ἅγιον
603 1615 724 1659 ἐστίν
751 1613 900 1656 αὑτοῦ
924 1611 1066 1670 ἱερόν·
1105 1615 1187 1657 καί
1213 1616 1258 1656 ἐν
1282 1616 1581 1672 Μεταποντίῳ

271 1700 321 1742 δὲ
345 1696 421 1741 διά
442 1696 612 1750 πολλῆς
638 1694 785 1739 αὐτὸν
817 1694 1032 1753 αἴρεσθαι
1057 1693 1188 1748 τιμῆς
1212 1694 1271 1741 οἱς
1289 1693 1402 1739 θεὸν
1423 1694 1504 1738 καί
1534 1695 1583 1737 ἐν

275 1781 479 1837 Θουρίοις
507 1777 680 1824 εἰκόνας
705 1774 855 1819 αὐτοῦ
884 1773 1206 1834 καθιδρύσθαι
1227 1776 1286 1822 ὠς
1310 1775 1436 1818 θεοῦ.

396 1855 504 1902 Post
533 1873 625 1902 voc.
658 1855 778 1900 οὕτω
809 1853 935 1916 signa
970 1853 1149 1900 lacunae
1179 1853 1383 1918 apposuit
1410 1852 1579 1898 Boeck-

271 1938 396 1995 Βίης,
455 1947 611 2002 sponte
650 1936 764 1983 enim
800 1951 1034 1998 apparere,
1092 1932 1317 1996 sequentia
1352 1950 1442 1978 non
1485 1950 1579 1979 esse

270 2018 410 2083 Ibyci.
482 2016 609 2080 Quae
650 2016 827 2081 quidem
862 2015 996 2061 verba
1029 2013 1240 2062 Boeckhii
1275 2014 1333 2060 ita
1370 2013 1476 2060 mihi
1511 2013 1580 2058 in-

271 2098 554 2164 terpretanda
585 2097 810 2154 videntur,
846 2107 894 2142 ut
924 2107 1119 2142 tenorem
1153 2096 1373 2160 poeticum
1405 2093 1580 2140 interci-

273 2181 391 2228 disse
423 2179 632 2236 affirmet;
685 2197 786 2225 nam
821 2177 858 2224 si
894 2177 1071 2224 omnino
1106 2177 1233 2242 Ibyci
1266 2174 1460 2223 fabulam
1502 2172 1584 2219 ob-

399 2346 549 2374 noverat
578 2338 700 2374 Well.
745 2338 797 2372 vel
828 2337 912 2372 illud
944 2337 1083 2372 Ovidii:
1129 2337 1266 2380 Tiphys
1296 2337 1334 2368 ιή
1363 2331 1583 2368 Ilaemom'a

398 2418 525 2450 puppe
554 2406 734 2448 magister
763 2405 877 2438 erat?
915 2417 958 2438 ne
989 2402 1074 2450 quid
1102 2400 1334 2448 Apollonium
1363 2411 1466 2433 suum
1494 2408 1580 2443 pro-

402 2484 539 2505 vocem.
594 2470 693 2518 Argo
721 2470 839 2505 sabula
875 2470 918 2503 ad
945 2471 1138 2503 Jasoneam
1162 2465 1339 2512 trilogiam
1368 2462 1584 2498 accenseba-

403 2542 484 2577 tur,
515 2535 559 2570 de
589 2549 658 2582 qua
687 2550 718 2570 v.
746 2534 940 2570 VVelcker.
969 2533 1099 2569 Aeseh.
1127 2531 1262 2578 Trilog.
1293 2531 1414 2565 Prom.
1435 2541 1469 2576 p.
1490 2523 1580 2562 311.

408 2608 443 2636 et
471 2615 561 2649 quae
589 2601 789 2637 retractavit
821 2601 857 2635 in
885 2600 1051 2649 Append.
1078 2612 1114 2646 p.
1139 2597 1217 2634 100
1235 2609 1313 2644 sqq.
