1677 3059
537 235 600 243 .-
727 205 789 254 67
912 234 977 243 ...-

100 345 328 412 Perspexit
360 344 613 392 Heraclides
654 342 904 401 verissime,
957 342 1070 391 hanc
1099 342 1404 409 Rheginorum

96 429 313 489 γλῶσσαν
344 425 626 474 indicativum
653 423 835 472 modum
860 442 967 472 esse.
1036 425 1073 472 F
1074 424 1266 473 alluntur
1288 429 1402 477 enim

98 507 287 571 egregie,
324 506 401 571 qui
435 505 490 553 de
525 506 740 554 schemate
776 505 993 567 cogitant,
1027 516 1076 553 ut
1100 506 1401 572 conjunctivus

97 586 241 634 locum
277 587 555 652 occupaverit
587 584 809 634 indicativi
841 585 985 642 modi;
1031 585 1128 651 ipse
1162 605 1210 635 se
1242 608 1401 655 passus

96 678 162 714 est
194 667 344 714 induci
377 666 657 725 Eustathius‚
693 666 770 731 qui
802 667 855 713 τὸ
885 669 1045 722 σχῆμα
1079 666 1134 713 ab
1173 668 1402 721 Gramma..

93 747 192 796 ticis
227 749 434 810 Ἰβύκειον
463 747 671 812 appellari
709 764 893 794 narrans
929 744 1091 792 oblitus
1124 759 1189 794 est
1222 751 1400 813 addere,

94 828 192 876 illos
240 826 556 876 Grammaticos
600 846 691 874 non
733 826 1009 875 consensisse
1055 844 1154 873 cum
1200 829 1399 882 doctrina

93 906 349 955 Heraclidis,
420 907 741 956 Grammaticus
770 908 817 955 in
847 908 991 974 Etym.
1026 906 1087 954 M.
1123 925 1166 972 p.
1191 910 1300 968 650,
1323 915 1397 961 56,

91 994 414 1052 παμφαίνῃσι,
448 992 581 1048 ἔχῃσι
619 988 770 1053 (srgm.
797 988 923 1056 Ibyci
951 989 1071 1051 XV.)
1108 992 1190 1036 καί
1212 993 1276 1038 τὰ
1306 1012 1400 1043 τοι-

91 1070 216 1116 αὔτα
244 1073 335 1122 ἔχει
365 1071 418 1116 τὸ
454 1088 470 1115 ι
504 1075 930 1131 προςγεγραμμένον
966 1070 1091 1115 κατὰ
1128 1072 1216 1128 τὴν
1247 1092 1400 1137 παρα-

91 1151 351 1210 λήγουσαν.
393 1153 490 1197 ἔστι
527 1152 616 1212 γὰρ
649 1153 730 1197 ἐὰν
761 1155 1016 1209 παμφαίνω
1055 1152 1137 1195 καί
1164 1153 1218 1199 τὸ
1248 1164 1401 1216 τρίτον

90 1234 364 1289 παμφαίνῃ·
397 1235 478 1277 καί
507 1232 670 1278 λοιπὸν
701 1236 804 1277 κατ’
838 1235 1024 1277 ἔκτασιν
1054 1224 1399 1286 ‘ciis-{offlam

89 1312 171 1372 βῆς
193 1316 366 1371 γίνεται
395 1317 694 1372 παμφαίνῃσι
724 1313 806 1357 καί
834 1315 1004 1370 ἔχῃσιν.
1072 1311 1232 1361 Postea
1254 1326 1398 1365 tamen

91 1389 207 1438 redit
252 1391 310 1439 ad
355 1394 607 1449 sanitatem,
664 1389 939 1438 Heraclidem
986 1403 1162 1440 secutus
1209 1407 1249 1443 et
1289 1398 1397 1463 ipse.

88 1471 269 1531 Mirum,
306 1473 649 1521 Grammaticum
679 1471 875 1536 impense
901 1472 1120 1520 eruditum
1145 1476 1305 1523 erroris
1336 1477 1398 1524 la-

90 1552 214 1616 queis
246 1571 294 1601 se
339 1554 490 1602 sivisse
531 1552 716 1609 irretiri,
762 1552 1062 1600 Herodianum
1099 1554 1224 1613 dico,
1272 1558 1397 1621 cujus

84 1632 194 1681 haec
223 1634 356 1682 verba
390 1647 493 1682 sunt
521 1636 567 1682 in
598 1633 712 1680 libro
745 1636 847 1694 περί
868 1635 1123 1690 σχημάτων
1152 1653 1219 1700 ap.
1244 1636 1399 1684 Villoi-

86 1732 181 1762 son.
205 1715 404 1762 Anecdd.
442 1716 519 1763 Gr.
545 1716 598 1763 II.
630 1733 673 1780 p.
704 1716 779 1762 95.
803 1715 878 1760 96.
915 1715 967 1760 τὸ
1000 1719 1048 1760 δὲ
1082 1716 1289 1777 Ἰβύκειον
1320 1720 1401 1763 καί

84 1799 238 1847 λέξεως
258 1799 340 1842 καί
352 1797 602 1847 συντάξεως
623 1801 756 1842 ἐστίν.
779 1801 950 1856 γίνεται
972 1800 1022 1841 δὲ
1044 1800 1092 1841 ἐν
1114 1803 1206 1845 τοῖς
1222 1798 1398 1843 ὑποτα-

86 1883 254 1928 κτικοΐς
284 1882 448 1939 τρίτοις
479 1879 729 1939 προςώποις
760 1876 854 1921 τῶν
875 1877 1097 1935 ῥημάτων
1118 1880 1243 1922 κατα
1264 1879 1398 1939 πρὸς·

85 1963 218 2004 θεσιν
248 1959 330 2015 τῆς
359 1950 419 2006 σ-ι
441 1958 672 2020 συλλαβῆς
720 1955 844 2019 (citat
875 1953 923 2001 Il.
959 1958 1014 2013 V,
1053 1958 1108 2012 6;
1163 1955 1326 2021 Odyss.
1362 1957 1397 2014 I,

18 2062 30 2070 -
89 2037 232 2101 187.).
268 2045 477 2085 καλεῖται
509 2043 558 2085 δὲ
586 2039 825 2101 Ἰβύκειον,
860 2042 951 2090 οὐχ
984 2038 1055 2084 ὅτι
1088 2039 1265 2098 πρῶτος
1284 2036 1398 2099 Ἴβυ-

85 2134 165 2168 uos
197 2119 328 2181 αὐτῷ
357 2120 612 2180 ἐχρήσατο.
677 2123 900 2165 δέδεικται
932 2120 1024 2179 γάρ
1063 2122 1172 2178 παρ’
1212 2118 1398 2179 Ὁμήρῳ

85 2198 323 2262 πρότερον,
355 2203 458 2246 ἀλλ’
482 2203 578 2246 ἐπεί
598 2200 716 2246 πολὺ
741 2202 823 2245 καί
842 2203 1094 2259 κατακορές
1117 2204 1226 2258 παρ’
1254 2200 1396 2260 αὐτῷ.

85 2281 182 2326 Καί
220 2281 345 2342 γὰρ,
407 2279 482 2326 cfr.
530 2280 659 2343 frgm.
697 2280 826 2337 VIII,
872 2280 977 2334 XV,
1026 2276 1090 2324 cll.
1136 2275 1395 2323 Lesbonact.

86 2359 203 2407 laud.
241 2359 299 2406 ad
332 2359 460 2422 frgm.
494 2361 625 2408 LVII.
694 2361 905 2427 Sequitur
942 2356 1087 2405 Schol.
1125 2359 1232 2403 Ven.
1269 2356 1395 2402 Hom.

84 2440 131 2487 Il.
161 2442 215 2497 V,
252 2442 294 2488 6.
329 2443 359 2499 ἠ
391 2444 530 2498 διπλῆ
541 2477 558 2503 ,
599 2442 672 2489 ὅτι
703 2446 813 2490 οέντί
843 2442 928 2488 τοῦ
959 2444 1230 2499 παμφαίνῃ.
1265 2443 1397 2483 πλεο-

83 2525 205 2577 νάζει
231 2529 280 2571 δὲ
298 2524 468 2585 Ἴβυκος
497 2523 706 2585 τοιούτῳ.
767 2522 840 2570 Ab
863 2521 931 2568 his
958 2517 1264 2567 Grammaticis
1293 2535 1398 2564 con-

83 2602 263 2668 junctivi
312 2602 560 2651 amantibus
596 2601 772 2650 stabant
810 2601 969 2650 summi
1004 2600 1170 2665 quique
1205 2598 1282 2644 viri
1318 2616 1397 2644 no-

1123 2682 1183 2726 5*
