1677 3059
697 236 761 243 -
887 210 1135 257 70-

265 348 496 396 nonnullas
529 346 762 394 verborum
796 347 961 396 formas
994 348 1055 394 ita
1091 345 1328 394 decurtavit
1354 358 1481 412 poeta
1511 358 1573 394 at·

266 447 352 494 que
387 429 624 485 contraxit,
659 439 705 474 ut
741 447 836 475 mos
872 429 956 475 fert
989 427 1120 490 vulgi.
1208 425 1310 488 Quo
1344 425 1574 474 referimus

265 509 483 570 ἄτερπνος
524 527 606 574 pro
649 514 901 571 ἀτέρυπνος
936 509 1155 575 positum,
1209 512 1451 568 διέφρασαι
1491 525 1573 574 pro

265 594 576 654 διέφθαρσαι,
624 589 800 647 ἥλσατο
847 608 929 654 pro
961 589 1205 651 ἠλάσατο,
1262 588 1449 648 Κυάρης
1493 606 1575 654 pro

265 671 524 732 Κυαξάρης.
593 670 796 732 Quorum
830 671 867 716 si
899 687 1037 716 unum
1057 667 1315 731 legeremus,
1351 666 1471 716 locus
1495 671 1577 717 du-

266 748 468 796 bitationi
500 749 844 815 relinqueretur;
879 769 996 797 nunc
1023 749 1061 796 si
1089 748 1187 813 quis
1221 747 1325 795 fidei
1359 748 1579 798 diffideret

268 829 693 889 Grammaticorum,
735 831 954 879 incautius
989 841 1148 893 ageret.
1220 829 1377 877 Graeci
1412 830 1507 878 Itali
1539 843 1580 879 et

268 910 403 958 Siculi
437 911 619 959 liberius
653 912 700 958 in
736 912 803 959 his
839 911 973 959 rebus
1005 911 1304 958 versabantur.
1332 940 1393 947 ——-
1448 911 1580 958 Com-

266 991 502 1056 prehensio
523 991 758 1039 verborum
783 1003 952 1058 poetae,
989 1003 1201 1055 quantum
1231 1010 1321 1037 non
1351 1003 1439 1038 tam
1461 1003 1579 1039 certo

267 1072 510 1129 affirmare,
548 1092 679 1138 quam
713 1072 910 1121 divinare
930 1072 1051 1130 licet,
1086 1071 1274 1134 gradum
1298 1071 1401 1119 fecit
1428 1091 1452 1118 a
1475 1091 1581 1120 con-

269 1154 370 1200 cisis
411 1154 709 1219 antiquiorum
742 1166 972 1220 poetarum
1006 1152 1246 1220 lyricorum
1281 1151 1488 1200 membris
1523 1154 1582 1201 ad

267 1234 474 1293 Pindari,
512 1234 753 1281 Simonidis
782 1233 1056 1297 aliorumque
1077 1232 1203 1279 istius
1233 1233 1325 1279 aevi
1354 1245 1584 1298 poetarum

268 1314 635 1379 magnificentiam
667 1327 704 1362 et
731 1313 943 1361 ambitum
973 1312 1202 1371 sermonis,
1236 1312 1404 1360 ratione
1427 1314 1584 1382 rhyth-

268 1415 440 1443 morum
472 1396 537 1443 vel
560 1395 816 1460 flagitatum,
853 1394 930 1442 cfr.
956 1392 1235 1459 Bernhardy.
1260 1393 1383 1460 Synt.
1405 1413 1447 1460 p.
1471 1395 1580 1443 450.

268 1477 319 1523 In
364 1476 633 1524 carminibus
670 1476 891 1523 amatoriis
927 1493 1026 1522 cum
1070 1474 1168 1539 ipso
1212 1474 1392 1522 flumine
1426 1475 1584 1523 verbo-

269 1575 368 1604 rum
401 1558 584 1604 torrenti
631 1556 760 1604 simili
807 1555 1106 1622 sequebantur
1150 1555 1383 1621 ampliores
1425 1556 1584 1603 verbo-

270 1657 368 1685 rum
400 1637 676 1703 complexus,
712 1657 749 1684 v.
781 1638 909 1701 frgm.
937 1638 968 1684 I.
1005 1636 1058 1682 II.
1129 1635 1282 1682 Oratio
1307 1647 1462 1701 poetae
1490 1654 1583 1684 cre-

271 1718 363 1765 bris
402 1718 806 1784 comparationibus
850 1717 1094 1764 illuminata
1134 1716 1318 1782 aliisque
1351 1716 1584 1765 virtutibus

271 1798 487 1846 distincta.

393 1881 444 1927 In
467 1879 772 1947 dispescendis
796 1878 1066 1927 carminibus
1089 1878 1240 1946 Ibyci,
1279 1897 1390 1944 quae
1417 1892 1584 1946 septem

271 1960 395 2007 libris
429 1961 599 2008 inclusa
631 1961 817 2008 testibus
853 1960 992 2007 Suida
1024 1972 1153 2024 atque
1183 1960 1383 2007 Eudocia
1418 1973 1585 2010 mature

273 2040 434 2088 abolita
457 2042 685 2098 videntur,
723 2052 870 2097 utrum
900 2051 1156 2105 argumenta
1184 2052 1376 2106 spectata
1407 2043 1584 2102 fuerint,

273 2141 328 2169 an
362 2134 601 2169 metrorum
633 2121 784 2168 habita
817 2122 952 2180 ratio,
989 2132 1038 2168 ut
1071 2121 1118 2166 in
1150 2120 1390 2185 Sapphone
1422 2122 1585 2170 factum

273 2202 375 2259 fuit,
410 2202 651 2265 ignoratur.
721 2201 811 2249 Sed
845 2202 1027 2250 alterum
1054 2199 1165 2247 illud
1199 2219 1300 2247 vero
1325 2202 1498 2250 videtur
1525 2204 1585 2251 si-

273 2282 431 2329 milius.
498 2283 675 2329 Priores
699 2283 833 2346 igitur
854 2281 958 2329 libri
980 2283 1211 2329 amatorias
1238 2284 1454 2348 ποιήσεις,
1491 2301 1585 2331 car-

274 2364 391 2410 mina
425 2362 789 2430 heroico-lyrica
824 2363 1037 2429 complexi
1072 2362 1275 2410 videntur
1306 2363 1583 2428 posteriores.

274 2443 420 2505 Frgm.
449 2444 598 2489 XXVI
634 2462 685 2491 ex
711 2445 852 2509 primo
879 2454 1129 2508 excerptum
1159 2443 1438 2508 perhibetur:
1472 2460 1584 2507 quae

276 2523 484 2569 memoria
504 2523 542 2570 si
576 2523 634 2571 ad
667 2542 842 2572 carmen
873 2523 1054 2589 aliquod
1082 2524 1340 2571 amatorium
1362 2523 1586 2589 pertinuit,

257 2649 259 2652 Α
279 2603 532 2650 confirmata
553 2616 702 2652 nostra
726 2605 977 2670 conjectura
998 2616 1074 2653 est.
1151 2604 1268 2652 Fieri
1292 2603 1406 2651 enim
1429 2613 1587 2668 potest,
