<?xml version="1.0" encoding="UTF-8"?>
<!DOCTYPE html PUBLIC "-//W3C//DTD XHTML 1.0 Transitional//EN"
    "http://www.w3.org/TR/xhtml1/DTD/xhtml1-transitional.dtd">
<html xmlns="http://www.w3.org/1999/xhtml" xml:lang="en" lang="en">
 <head>
  <title>
</title>
<meta http-equiv="Content-Type" content="text/html;charset=utf-8" />
  <meta name='ocr-system' content='tesseract 3.04.00' />
  <meta name='ocr-capabilities' content='ocr_page ocr_carea ocr_par ocr_line ocrx_word'/>
</head>
<body>
  <div class='ocr_page' id='page_1' title='image "./ibycirheginicarm00schnuoft_0151.png"; bbox 0 0 1677 3059; ppageno 0'>
   <div class='ocr_carea' id='block_1_1' title="bbox 546 190 984 235">
    <p class='ocr_par' dir='ltr' id='par_1_1' title="bbox 546 190 984 235">
     <span class='ocr_line' id='line_1_1' title="bbox 546 190 984 235; baseline -0.005 1"><span class='ocrx_word' id='word_1_1' title='bbox 546 219 609 226; x_wconf 87' lang='lat'><strong>—-</strong></span> <span class='ocrx_word' id='word_1_2' title='bbox 720 190 802 235; x_wconf 81' lang='lat'><strong>121</strong></span> <span class='ocrx_word' id='word_1_3' title='bbox 920 218 984 225; x_wconf 94' lang='lat'>—</span> 
     </span>
    </p>
   </div>
   <div class='ocr_carea' id='block_1_2' title="bbox 94 325 1425 1847">
    <p class='ocr_par' dir='ltr' id='par_1_2' title="bbox 94 325 1425 1847">
     <span class='ocr_line' id='line_1_2' title="bbox 114 325 1419 395; baseline 0.003 -23"><span class='ocrx_word' id='word_1_4' title='bbox 114 325 355 373; x_wconf 85' lang='lat' dir='ltr'>Pindarum</span> <span class='ocrx_word' id='word_1_5' title='bbox 389 326 518 391; x_wconf 82' lang='lat' dir='ltr'><strong>frgm.</strong></span> <span class='ocrx_word' id='word_1_6' title='bbox 556 328 728 395; x_wconf 84' lang='lat' dir='ltr'><strong>Dithyr.</strong></span> <span class='ocrx_word' id='word_1_7' title='bbox 762 327 837 383; x_wconf 85' lang='lat' dir='ltr'><strong>III,</strong></span> <span class='ocrx_word' id='word_1_8' title='bbox 865 328 936 373; x_wconf 87' lang='lat'><strong>15.</strong></span> <span class='ocrx_word' id='word_1_9' title='bbox 966 328 1156 374; x_wconf 84' lang='lat' dir='ltr'><strong>Boeckh.</strong></span> <span class='ocrx_word' id='word_1_10' title='bbox 1193 346 1324 394; x_wconf 89' lang='lat' dir='ltr'><strong>prave</strong></span> <span class='ocrx_word' id='word_1_11' title='bbox 1352 330 1419 376; x_wconf 88' lang='lat' dir='ltr'><strong>in-</strong></span> 
     </span>
     <span class='ocr_line' id='line_1_3' title="bbox 114 407 1419 472; baseline 0.002 -19"><span class='ocrx_word' id='word_1_12' title='bbox 114 418 377 472; x_wconf 84' lang='lat' dir='ltr'><strong>terpretatur</strong></span> <span class='ocrx_word' id='word_1_13' title='bbox 415 408 697 458; x_wconf 85' lang='lat' dir='ltr'><strong>imitationem</strong></span> <span class='ocrx_word' id='word_1_14' title='bbox 731 418 972 472; x_wconf 85' lang='lat' dir='ltr'><strong>poetarum.</strong></span> <span class='ocrx_word' id='word_1_15' title='bbox 1061 407 1228 456; x_wconf 82' lang='lat' dir='ltr'>Similia</span> <span class='ocrx_word' id='word_1_16' title='bbox 1271 409 1419 468; x_wconf 83' lang='lat' dir='ltr'><strong>verba,</strong></span> 
     </span>
     <span class='ocr_line' id='line_1_4' title="bbox 114 486 1418 554; baseline 0.004 -21"><span class='ocrx_word' id='word_1_17' title='bbox 114 486 192 534; x_wconf 87' lang='lat' dir='ltr'><strong>ubi</strong></span> <span class='ocrx_word' id='word_1_18' title='bbox 227 488 379 537; x_wconf 89' lang='lat' dir='ltr'><strong>similis</strong></span> <span class='ocrx_word' id='word_1_19' title='bbox 414 508 496 537; x_wconf 85' lang='lat' dir='ltr'><strong>res.</strong></span> <span class='ocrx_word' id='word_1_20' title='bbox 563 488 754 554; x_wconf 89' lang='lat' dir='ltr'><strong>Propius</strong></span> <span class='ocrx_word' id='word_1_21' title='bbox 790 487 846 534; x_wconf 90' lang='lat' dir='ltr'><strong>ad</strong></span> <span class='ocrx_word' id='word_1_22' title='bbox 871 488 1064 537; x_wconf 84' lang='lat' dir='ltr'><strong>Stesich.</strong></span> <span class='ocrx_word' id='word_1_23' title='bbox 1099 490 1266 538; x_wconf 88' lang='lat' dir='ltr'><strong>accedit</strong></span> <span class='ocrx_word' id='word_1_24' title='bbox 1290 490 1418 538; x_wconf 90' lang='lat' dir='ltr'><strong>Pind.</strong></span> 
     </span>
     <span class='ocr_line' id='line_1_5' title="bbox 115 567 1423 630; baseline 0.003 -16"><span class='ocrx_word' id='word_1_25' title='bbox 115 567 163 614; x_wconf 89' lang='lat' dir='ltr'><strong>P.</strong></span> <span class='ocrx_word' id='word_1_26' title='bbox 201 568 278 628; x_wconf 88' lang='lat' dir='ltr'><strong>IX,</strong></span> <span class='ocrx_word' id='word_1_27' title='bbox 318 572 421 618; x_wconf 88' lang='grc'><strong>122.</strong></span> <span class='ocrx_word' id='word_1_28' title='bbox 457 572 609 618; x_wconf 72' lang='grc' dir='ltr'><em>πολλοὶ</em></span> <span class='ocrx_word' id='word_1_29' title='bbox 639 575 722 627; x_wconf 80' lang='grc' dir='ltr'><em>μὲν</em></span> <span class='ocrx_word' id='word_1_30' title='bbox 751 578 885 617; x_wconf 80' lang='grc' dir='ltr'><em>κεῖνοι</em></span> <span class='ocrx_word' id='word_1_31' title='bbox 920 576 1048 617; x_wconf 81' lang='grc' dir='ltr'><em>δίκον</em></span> <span class='ocrx_word' id='word_1_32' title='bbox 1080 573 1213 630; x_wconf 72' lang='grc' dir='ltr'><strong><em>φύλλ’</em></strong></span> <span class='ocrx_word' id='word_1_33' title='bbox 1247 576 1321 619; x_wconf 75' lang='grc' dir='ltr'><strong>ἔπι</strong></span> <span class='ocrx_word' id='word_1_34' title='bbox 1343 576 1423 619; x_wconf 75' lang='grc' dir='ltr'><strong>καί</strong></span> 
     </span>
     <span class='ocr_line' id='line_1_6' title="bbox 116 650 1423 718; baseline 0.003 -23"><span class='ocrx_word' id='word_1_35' title='bbox 116 652 387 709; x_wconf 73' lang='grc' dir='ltr'><strong><em>στεφάνους·</em></strong></span> <span class='ocrx_word' id='word_1_36' title='bbox 430 652 584 698; x_wconf 76' lang='grc' dir='ltr'><em>πολλὰ</em></span> <span class='ocrx_word' id='word_1_37' title='bbox 617 656 666 699; x_wconf 78' lang='grc' dir='ltr'><strong>δὲ</strong></span> <span class='ocrx_word' id='word_1_38' title='bbox 700 669 795 714; x_wconf 87' lang='lat' dir='ltr'>sqq.</span> <span class='ocrx_word' id='word_1_39' title='bbox 889 650 1025 712; x_wconf 82' lang='lat' dir='ltr'><strong>Quod</strong></span> <span class='ocrx_word' id='word_1_40' title='bbox 1071 671 1137 716; x_wconf 90' lang='lat' dir='ltr'><strong>ap.</strong></span> <span class='ocrx_word' id='word_1_41' title='bbox 1175 651 1285 699; x_wconf 88' lang='lat' dir='ltr'><strong>Stes.</strong></span> <span class='ocrx_word' id='word_1_42' title='bbox 1321 663 1423 718; x_wconf 86' lang='lat' dir='ltr'><strong>post</strong></span> 
     </span>
     <span class='ocr_line' id='line_1_7' title="bbox 115 730 1422 796; baseline 0.003 -21"><span class='ocrx_word' id='word_1_43' title='bbox 115 733 265 778; x_wconf 78' lang='grc' dir='ltr'><em>πολλοὶ</em></span> <span class='ocrx_word' id='word_1_44' title='bbox 288 731 534 779; x_wconf 83' lang='lat' dir='ltr'><strong>habebatur</strong></span> <span class='ocrx_word' id='word_1_45' title='bbox 555 736 637 788; x_wconf 77' lang='grc' dir='ltr'><em>μὲν</em></span> <span class='ocrx_word' id='word_1_46' title='bbox 660 750 759 779; x_wconf 90' lang='lat' dir='ltr'><strong>cum</strong></span> <span class='ocrx_word' id='word_1_47' title='bbox 778 730 936 778; x_wconf 86' lang='lat' dir='ltr'><strong>Blomf.</strong></span> <span class='ocrx_word' id='word_1_48' title='bbox 961 732 1163 796; x_wconf 81' lang='lat' dir='ltr'><strong>expunxi,</strong></span> <span class='ocrx_word' id='word_1_49' title='bbox 1198 751 1233 778; x_wconf 90' lang='lat' dir='ltr'><strong>v.</strong></span> <span class='ocrx_word' id='word_1_50' title='bbox 1259 732 1422 779; x_wconf 71' lang='lat' dir='ltr'><strong>Sohae-</strong></span> 
     </span>
     <span class='ocr_line' id='line_1_8' title="bbox 115 808 1419 876; baseline 0.005 -22"><span class='ocrx_word' id='word_1_51' title='bbox 115 808 192 855; x_wconf 87' lang='lat' dir='ltr'><strong>ser.</strong></span> <span class='ocrx_word' id='word_1_52' title='bbox 230 809 376 876; x_wconf 63' lang='lat' dir='ltr'><strong>Sophs</strong></span> <span class='ocrx_word' id='word_1_53' title='bbox 396 811 508 859; x_wconf 87' lang='lat' dir='ltr'><strong>Phil.</strong></span> <span class='ocrx_word' id='word_1_54' title='bbox 536 813 643 859; x_wconf 80' lang='lat'><strong>623.</strong></span> <span class='ocrx_word' id='word_1_55' title='bbox 708 811 783 860; x_wconf 85' lang='lat' dir='ltr'><strong>Ad</strong></span> <span class='ocrx_word' id='word_1_56' title='bbox 808 831 870 858; x_wconf 77' lang='lat' dir='ltr'><strong>vv,</strong></span> <span class='ocrx_word' id='word_1_57' title='bbox 897 817 1148 874; x_wconf 73' lang='grc' dir='ltr'><em>κορωνίδας</em></span> <span class='ocrx_word' id='word_1_58' title='bbox 1175 812 1311 864; x_wconf 78' lang='grc' dir='ltr'><em>οὔλας</em></span> <span class='ocrx_word' id='word_1_59' title='bbox 1343 814 1419 860; x_wconf 80' lang='lat' dir='ltr'><strong>cfr.</strong></span> 
     </span>
     <span class='ocr_line' id='line_1_9' title="bbox 114 890 1371 959; baseline 0.003 -23"><span class='ocrx_word' id='word_1_60' title='bbox 114 890 274 938; x_wconf 82' lang='lat' dir='ltr'><strong>Buttm.</strong></span> <span class='ocrx_word' id='word_1_61' title='bbox 310 892 443 940; x_wconf 87' lang='lat' dir='ltr'><strong>Lexil.</strong></span> <span class='ocrx_word' id='word_1_62' title='bbox 478 893 512 949; x_wconf 85' lang='lat' dir='ltr'><strong>I,</strong></span> <span class='ocrx_word' id='word_1_63' title='bbox 540 911 582 957; x_wconf 93' lang='lat' dir='ltr'><strong>p.</strong></span> <span class='ocrx_word' id='word_1_64' title='bbox 612 893 717 940; x_wconf 83' lang='grc'><strong>188.</strong></span> <span class='ocrx_word' id='word_1_65' title='bbox 786 892 860 939; x_wconf 85' lang='lat' dir='ltr'><strong>Ad</strong></span> <span class='ocrx_word' id='word_1_66' title='bbox 891 891 1074 959; x_wconf 88' lang='lat' dir='ltr'><strong>Ibycum</strong></span> <span class='ocrx_word' id='word_1_67' title='bbox 1104 895 1371 940; x_wconf 75' lang='lat' dir='ltr'><strong>revertimur.</strong></span> 
     </span>
     <span class='ocr_line' id='line_1_10' title="bbox 235 972 1420 1036; baseline 0.002 -17"><span class='ocrx_word' id='word_1_68' title='bbox 235 974 286 1019; x_wconf 89' lang='lat' dir='ltr'><strong>V.</strong></span> <span class='ocrx_word' id='word_1_69' title='bbox 323 974 362 1021; x_wconf 90' lang='lat'><strong>1.</strong></span> <span class='ocrx_word' id='word_1_70' title='bbox 400 974 468 1021; x_wconf 92' lang='lat' dir='ltr'><strong>De</strong></span> <span class='ocrx_word' id='word_1_71' title='bbox 493 976 715 1036; x_wconf 74' lang='grc' dir='ltr'><em>ἑλιχρύσῳ</em></span> <span class='ocrx_word' id='word_1_72' title='bbox 740 993 776 1020; x_wconf 85' lang='lat' dir='ltr'><strong>v.</strong></span> <span class='ocrx_word' id='word_1_73' title='bbox 804 973 905 1020; x_wconf 88' lang='lat' dir='ltr'><strong>Ath.</strong></span> <span class='ocrx_word' id='word_1_74' title='bbox 931 972 956 1019; x_wconf 93' lang='lat' dir='ltr'><strong>l.</strong></span> <span class='ocrx_word' id='word_1_75' title='bbox 978 991 1028 1030; x_wconf 73' lang='grc' dir='ltr'><strong>ο,</strong></span> <span class='ocrx_word' id='word_1_76' title='bbox 1066 973 1210 1020; x_wconf 83' lang='lat' dir='ltr'><strong>Schol.</strong></span> <span class='ocrx_word' id='word_1_77' title='bbox 1235 973 1420 1021; x_wconf 87' lang='lat' dir='ltr'><strong>Theocr.</strong></span> 
     </span>
     <span class='ocr_line' id='line_1_11' title="bbox 112 1044 1425 1118; baseline 0.003 -20"><span class='ocrx_word' id='word_1_78' title='bbox 112 1052 146 1110; x_wconf 88' lang='lat' dir='ltr'><strong>I,</strong></span> <span class='ocrx_word' id='word_1_79' title='bbox 180 1055 253 1100; x_wconf 82' lang='lat'><strong>30.</strong></span> <span class='ocrx_word' id='word_1_80' title='bbox 284 1049 397 1106; x_wconf 78' lang='grc' dir='ltr'><em>εἶδος</em></span> <span class='ocrx_word' id='word_1_81' title='bbox 433 1057 611 1118; x_wconf 71' lang='grc' dir='ltr'><em>φυτοῦ,</em></span> <span class='ocrx_word' id='word_1_82' title='bbox 647 1044 703 1101; x_wconf 72' lang='grc' dir='ltr'><strong>οὗ</strong></span> <span class='ocrx_word' id='word_1_83' title='bbox 737 1057 789 1102; x_wconf 84' lang='grc' dir='ltr'><strong>τὸ</strong></span> <span class='ocrx_word' id='word_1_84' title='bbox 813 1054 958 1103; x_wconf 76' lang='grc' dir='ltr'><em>ἄνθος</em></span> <span class='ocrx_word' id='word_1_85' title='bbox 983 1056 1142 1110; x_wconf 83' lang='grc' dir='ltr'><em>ὅμοιον</em></span> <span class='ocrx_word' id='word_1_86' title='bbox 1165 1056 1319 1118; x_wconf 72' lang='grc' dir='ltr'><em>κρόκῳ</em></span> <span class='ocrx_word' id='word_1_87' title='bbox 1345 1060 1425 1102; x_wconf 77' lang='grc' dir='ltr'><strong>καί</strong></span> 
     </span>
     <span class='ocr_line' id='line_1_12' title="bbox 112 1130 1422 1200; baseline 0.003 -21"><span class='ocrx_word' id='word_1_88' title='bbox 112 1130 210 1180; x_wconf 86' lang='grc' dir='ltr'><em>οἶον</em></span> <span class='ocrx_word' id='word_1_89' title='bbox 232 1140 494 1195; x_wconf 79' lang='grc' dir='ltr'><em>χρυσοειδές.</em></span> <span class='ocrx_word' id='word_1_90' title='bbox 532 1163 592 1171; x_wconf 93' lang='lat'><em>-</em></span> <span class='ocrx_word' id='word_1_91' title='bbox 659 1138 702 1181; x_wconf 77' lang='grc'><strong>2.</strong></span> <span class='ocrx_word' id='word_1_92' title='bbox 736 1136 888 1182; x_wconf 54' lang='lat' dir='ltr'><strong>Mona.</strong></span> <span class='ocrx_word' id='word_1_93' title='bbox 939 1136 1142 1183; x_wconf 82' lang='lat' dir='ltr'><strong>Boisson.</strong></span> <span class='ocrx_word' id='word_1_94' title='bbox 1166 1139 1318 1200; x_wconf 77' lang='grc' dir='ltr'><em>μᾶζα,</em></span> <span class='ocrx_word' id='word_1_95' title='bbox 1355 1155 1422 1183; x_wconf 88' lang='lat' dir='ltr'><strong>er-</strong></span> 
     </span>
     <span class='ocr_line' id='line_1_13' title="bbox 113 1215 1421 1281; baseline 0.002 -21"><span class='ocrx_word' id='word_1_96' title='bbox 113 1231 213 1261; x_wconf 89' lang='lat' dir='ltr'><strong>rore</strong></span> <span class='ocrx_word' id='word_1_97' title='bbox 246 1227 366 1281; x_wconf 86' lang='lat' dir='ltr'><strong>puto.</strong></span> <span class='ocrx_word' id='word_1_98' title='bbox 403 1245 464 1253; x_wconf 91' lang='lat'><strong>—-</strong></span> <span class='ocrx_word' id='word_1_99' title='bbox 531 1220 705 1278; x_wconf 65' lang='grc' dir='ltr'><em>τὲρεινοε</em></span> <span class='ocrx_word' id='word_1_100' title='bbox 739 1216 909 1274; x_wconf 72' lang='grc' dir='ltr'><em>δάφνα.</em></span> <span class='ocrx_word' id='word_1_101' title='bbox 968 1215 1218 1277; x_wconf 84' lang='lat' dir='ltr'><strong>Legebatur</strong></span> <span class='ocrx_word' id='word_1_102' title='bbox 1250 1221 1421 1281; x_wconf 75' lang='grc' dir='ltr'><em>τέρινοι,</em></span> 
     </span>
     <span class='ocr_line' id='line_1_14' title="bbox 114 1295 1421 1361; baseline 0 -18"><span class='ocrx_word' id='word_1_103' title='bbox 114 1295 237 1361; x_wconf 86' lang='lat' dir='ltr'><strong>quod</strong></span> <span class='ocrx_word' id='word_1_104' title='bbox 259 1296 471 1344; x_wconf 79' lang='lat' dir='ltr'><strong>canterus</strong></span> <span class='ocrx_word' id='word_1_105' title='bbox 501 1296 754 1344; x_wconf 83' lang='lat' dir='ltr'><strong>emendavit.</strong></span> <span class='ocrx_word' id='word_1_106' title='bbox 824 1296 1079 1361; x_wconf 80' lang='lat' dir='ltr'><strong>Sequuntur</strong></span> <span class='ocrx_word' id='word_1_107' title='bbox 1111 1295 1277 1361; x_wconf 85' lang='lat' dir='ltr'><strong>Steph.‚</strong></span> <span class='ocrx_word' id='word_1_108' title='bbox 1308 1296 1421 1355; x_wconf 74' lang='lat' dir='ltr'><strong>Cas,</strong></span> 
     </span>
     <span class='ocr_line' id='line_1_15' title="bbox 112 1370 1422 1442; baseline 0 -18"><span class='ocrx_word' id='word_1_109' title='bbox 112 1378 213 1424; x_wconf 85' lang='lat' dir='ltr'><strong>Urs.</strong></span> <span class='ocrx_word' id='word_1_110' title='bbox 281 1378 382 1424; x_wconf 88' lang='lat' dir='ltr'><strong>Non</strong></span> <span class='ocrx_word' id='word_1_111' title='bbox 416 1377 625 1424; x_wconf 85' lang='lat' dir='ltr'><strong>satisfecit</strong></span> <span class='ocrx_word' id='word_1_112' title='bbox 662 1376 850 1442; x_wconf 91' lang='lat' dir='ltr'><strong>Toupio.</strong></span> <span class='ocrx_word' id='word_1_113' title='bbox 921 1376 1010 1439; x_wconf 80' lang='lat' dir='ltr'><strong>Qui</strong></span> <span class='ocrx_word' id='word_1_114' title='bbox 1029 1370 1174 1441; x_wconf 39' lang='lat' dir='ltr'><strong>&#39;quum</strong></span> <span class='ocrx_word' id='word_1_115' title='bbox 1209 1396 1276 1442; x_wconf 87' lang='lat' dir='ltr'><strong>ap.</strong></span> <span class='ocrx_word' id='word_1_116' title='bbox 1308 1378 1422 1424; x_wconf 89' lang='lat' dir='ltr'><strong>Can-</strong></span> 
     </span>
     <span class='ocr_line' id='line_1_16' title="bbox 112 1457 1422 1524; baseline 0.002 -21"><span class='ocrx_word' id='word_1_117' title='bbox 112 1467 252 1504; x_wconf 89' lang='lat' dir='ltr'><strong>terum</strong></span> <span class='ocrx_word' id='word_1_118' title='bbox 285 1458 419 1505; x_wconf 80' lang='lat' dir='ltr'><strong>Novv.</strong></span> <span class='ocrx_word' id='word_1_119' title='bbox 456 1458 568 1506; x_wconf 90' lang='lat' dir='ltr'><strong>lectt.</strong></span> <span class='ocrx_word' id='word_1_120' title='bbox 601 1477 644 1524; x_wconf 92' lang='lat' dir='ltr'><strong>p.</strong></span> <span class='ocrx_word' id='word_1_121' title='bbox 672 1458 777 1504; x_wconf 88' lang='lat'>157.</span> <span class='ocrx_word' id='word_1_122' title='bbox 815 1457 1025 1522; x_wconf 85' lang='lat' dir='ltr'><strong>scriptum</strong></span> <span class='ocrx_word' id='word_1_123' title='bbox 1060 1457 1241 1504; x_wconf 86' lang='lat' dir='ltr'><strong>vidisset</strong></span> <span class='ocrx_word' id='word_1_124' title='bbox 1273 1463 1422 1520; x_wconf 70' lang='grc' dir='ltr'><em>τέρινοε</em></span> 
     </span>
     <span class='ocr_line' id='line_1_17' title="bbox 110 1539 1419 1604; baseline 0.002 -20"><span class='ocrx_word' id='word_1_125' title='bbox 110 1539 304 1604; x_wconf 70' lang='grc' dir='ltr'><em>δάφηα,</em></span> <span class='ocrx_word' id='word_1_126' title='bbox 353 1539 597 1587; x_wconf 82' lang='lat' dir='ltr'><strong>emendavit</strong></span> <span class='ocrx_word' id='word_1_127' title='bbox 635 1540 718 1586; x_wconf 80' lang='grc' dir='ltr'><strong>καί</strong></span> <span class='ocrx_word' id='word_1_128' title='bbox 747 1540 911 1599; x_wconf 78' lang='grc' dir='ltr'><em>θερινὰ</em></span> <span class='ocrx_word' id='word_1_129' title='bbox 945 1543 984 1585; x_wconf 82' lang='grc' dir='ltr'><strong>δ’</strong></span> <span class='ocrx_word' id='word_1_130' title='bbox 1011 1541 1155 1602; x_wconf 77' lang='grc' dir='ltr'><em>ἴφυα,</em></span> <span class='ocrx_word' id='word_1_131' title='bbox 1203 1558 1239 1584; x_wconf 84' lang='lat' dir='ltr'><strong>v.</strong></span> <span class='ocrx_word' id='word_1_132' title='bbox 1277 1539 1419 1604; x_wconf 86' lang='lat' dir='ltr'><strong>Toup.</strong></span> 
     </span>
     <span class='ocr_line' id='line_1_18' title="bbox 112 1617 1422 1686; baseline 0 -22"><span class='ocrx_word' id='word_1_133' title='bbox 112 1617 260 1665; x_wconf 86' lang='lat' dir='ltr'><strong>emdtt.</strong></span> <span class='ocrx_word' id='word_1_134' title='bbox 294 1619 342 1667; x_wconf 84' lang='lat' dir='ltr'><strong>in</strong></span> <span class='ocrx_word' id='word_1_135' title='bbox 365 1620 557 1686; x_wconf 87' lang='lat' dir='ltr'><strong>Hesych.</strong></span> <span class='ocrx_word' id='word_1_136' title='bbox 596 1632 636 1667; x_wconf 91' lang='lat' dir='ltr'><strong>ct</strong></span> <span class='ocrx_word' id='word_1_137' title='bbox 672 1617 795 1665; x_wconf 86' lang='lat' dir='ltr'><strong>Suid.</strong></span> <span class='ocrx_word' id='word_1_138' title='bbox 829 1618 904 1676; x_wconf 80' lang='lat' dir='ltr'><strong>IV,</strong></span> <span class='ocrx_word' id='word_1_139' title='bbox 936 1637 977 1683; x_wconf 90' lang='lat' dir='ltr'><strong>p.</strong></span> <span class='ocrx_word' id='word_1_140' title='bbox 1005 1619 1107 1665; x_wconf 83' lang='lat'><strong>175.</strong></span> <span class='ocrx_word' id='word_1_141' title='bbox 1177 1618 1317 1664; x_wconf 86' lang='lat' dir='ltr'><strong>Antea</strong></span> <span class='ocrx_word' id='word_1_142' title='bbox 1354 1618 1422 1665; x_wconf 80' lang='lat' dir='ltr'><strong>lu-</strong></span> 
     </span>
     <span class='ocr_line' id='line_1_19' title="bbox 112 1698 1419 1769; baseline 0 -24"><span class='ocrx_word' id='word_1_143' title='bbox 112 1711 227 1769; x_wconf 80' lang='lat' dir='ltr'><strong>serat</strong></span> <span class='ocrx_word' id='word_1_144' title='bbox 260 1704 343 1748; x_wconf 78' lang='grc' dir='ltr'><strong>κοιί</strong></span> <span class='ocrx_word' id='word_1_145' title='bbox 370 1705 560 1765; x_wconf 76' lang='grc' dir='ltr'><em>πτερινά</em></span> <span class='ocrx_word' id='word_1_146' title='bbox 594 1703 781 1764; x_wconf 74' lang='grc' dir='ltr'><em>δάφνα,</em></span> <span class='ocrx_word' id='word_1_147' title='bbox 812 1700 913 1764; x_wconf 84' lang='lat' dir='ltr'><strong>quia</strong></span> <span class='ocrx_word' id='word_1_148' title='bbox 950 1718 1016 1764; x_wconf 85' lang='lat' dir='ltr'><strong>ap.</strong></span> <span class='ocrx_word' id='word_1_149' title='bbox 1042 1698 1199 1764; x_wconf 84' lang='lat' dir='ltr'>Polyb.</span> <span class='ocrx_word' id='word_1_150' title='bbox 1231 1699 1305 1756; x_wconf 67' lang='lat' dir='ltr'><strong>VI,</strong></span> <span class='ocrx_word' id='word_1_151' title='bbox 1340 1701 1419 1745; x_wconf 83' lang='lat'><strong>21.</strong></span> 
     </span>
     <span class='ocr_line' id='line_1_20' title="bbox 94 1776 1420 1847; baseline 0 -22"><span class='ocrx_word' id='word_1_152' title='bbox 94 1776 177 1826; x_wconf 34' lang='lat' dir='ltr'><strong>*est</strong></span> <span class='ocrx_word' id='word_1_153' title='bbox 218 1785 420 1846; x_wconf 79' lang='grc' dir='ltr'><em>πτέρινος</em></span> <span class='ocrx_word' id='word_1_154' title='bbox 461 1789 681 1845; x_wconf 79' lang='grc' dir='ltr'><em>στέφανος</em></span> <span class='ocrx_word' id='word_1_155' title='bbox 690 1818 709 1847; x_wconf 77' lang='grc'>,</span> <span class='ocrx_word' id='word_1_156' title='bbox 757 1801 794 1828; x_wconf 88' lang='lat' dir='ltr'><strong>v.</strong></span> <span class='ocrx_word' id='word_1_157' title='bbox 830 1779 977 1828; x_wconf 87' lang='lat' dir='ltr'><strong>emdtt.</strong></span> <span class='ocrx_word' id='word_1_158' title='bbox 1022 1780 1068 1826; x_wconf 92' lang='lat' dir='ltr'><strong>in</strong></span> <span class='ocrx_word' id='word_1_159' title='bbox 1102 1780 1203 1827; x_wconf 83' lang='lat' dir='ltr'><strong>IIes.</strong></span> <span class='ocrx_word' id='word_1_160' title='bbox 1240 1779 1329 1826; x_wconf 89' lang='lat' dir='ltr'><strong>rell.</strong></span> <span class='ocrx_word' id='word_1_161' title='bbox 1366 1780 1420 1839; x_wconf 88' lang='lat' dir='ltr'><strong>II,</strong></span> 
     </span>
    </p>
   </div>
   <div class='ocr_carea' id='block_1_3' title="bbox 110 1862 297 1925">
    <p class='ocr_par' dir='ltr' id='par_1_3' title="bbox 110 1862 297 1925">
     <span class='ocr_line' id='line_1_21' title="bbox 110 1862 297 1925; baseline 0.032 -20"><span class='ocrx_word' id='word_1_162' title='bbox 110 1877 153 1925; x_wconf 91' lang='lat' dir='ltr'><strong>p.</strong></span> <span class='ocrx_word' id='word_1_163' title='bbox 189 1862 297 1911; x_wconf 85' lang='lat'><strong>508.</strong></span> 
     </span>
    </p>
   </div>
   <div class='ocr_carea' id='block_1_4' title="bbox 561 2008 970 2073">
    <p class='ocr_par' dir='ltr' id='par_1_4' title="bbox 561 2008 970 2073">
     <span class='ocr_line' id='line_1_22' title="bbox 561 2008 970 2073; baseline -0.01 -15"><span class='ocrx_word' id='word_1_164' title='bbox 561 2012 676 2058; x_wconf 90' lang='lat' dir='ltr'><strong>Fra</strong></span> <span class='ocrx_word' id='word_1_165' title='bbox 696 2026 796 2073; x_wconf 86' lang='lat' dir='ltr'><strong>gm.</strong></span> <span class='ocrx_word' id='word_1_166' title='bbox 857 2008 970 2055; x_wconf 85' lang='lat' dir='ltr'><strong>VIII.</strong></span> 
     </span>
    </p>
   </div>
   <div class='ocr_carea' id='block_1_5' title="bbox 89 2098 1425 2631">
    <p class='ocr_par' dir='ltr' id='par_1_5' title="bbox 89 2098 1425 2631">
     <span class='ocr_line' id='line_1_23' title="bbox 243 2098 1420 2170; baseline -0.004 -19"><span class='ocrx_word' id='word_1_167' title='bbox 243 2103 479 2154; x_wconf 88' lang='lat' dir='ltr'><strong>Herodian.</strong></span> <span class='ocrx_word' id='word_1_168' title='bbox 514 2110 618 2170; x_wconf 75' lang='grc' dir='ltr'><em>περί</em></span> <span class='ocrx_word' id='word_1_169' title='bbox 650 2105 903 2163; x_wconf 79' lang='grc' dir='ltr'><em>σχημάτων</em></span> <span class='ocrx_word' id='word_1_170' title='bbox 934 2103 982 2149; x_wconf 91' lang='lat' dir='ltr'><strong>in</strong></span> <span class='ocrx_word' id='word_1_171' title='bbox 1014 2101 1181 2150; x_wconf 78' lang='lat' dir='ltr'><strong>Villois.</strong></span> <span class='ocrx_word' id='word_1_172' title='bbox 1219 2098 1420 2148; x_wconf 87' lang='lat' dir='ltr'><strong>Anccdd.</strong></span> 
     </span>
     <span class='ocr_line' id='line_1_24' title="bbox 117 2180 486 2251; baseline 0.005 -24"><span class='ocrx_word' id='word_1_173' title='bbox 117 2180 217 2228; x_wconf 89' lang='lat' dir='ltr'><strong>Grr.</strong></span> <span class='ocrx_word' id='word_1_174' title='bbox 249 2184 304 2243; x_wconf 90' lang='lat' dir='ltr'><strong>H,</strong></span> <span class='ocrx_word' id='word_1_175' title='bbox 336 2205 378 2251; x_wconf 87' lang='lat' dir='ltr'><strong>p.</strong></span> <span class='ocrx_word' id='word_1_176' title='bbox 413 2190 486 2235; x_wconf 86' lang='grc'><strong>95,</strong></span> 
     </span>
     <span class='ocr_line' id='line_1_25' title="bbox 183 2265 1421 2328; baseline -0.004 -14"><span class='ocrx_word' id='word_1_177' title='bbox 183 2266 334 2321; x_wconf 82' lang='grc' dir='ltr'><em>Τᾶμος</em></span> <span class='ocrx_word' id='word_1_178' title='bbox 359 2269 562 2320; x_wconf 71' lang='grc' dir='ltr'><em>ἀΰπνους</em></span> <span class='ocrx_word' id='word_1_179' title='bbox 584 2269 748 2317; x_wconf 77' lang='grc' dir='ltr'><strong><em>κλυτὸς</em></strong></span> <span class='ocrx_word' id='word_1_180' title='bbox 770 2265 939 2328; x_wconf 78' lang='grc' dir='ltr'><em>ὄρθρος</em></span> <span class='ocrx_word' id='word_1_181' title='bbox 959 2269 1181 2327; x_wconf 76' lang='grc' dir='ltr'><em>ἐγείρῃσιν</em></span> <span class='ocrx_word' id='word_1_182' title='bbox 1205 2265 1421 2321; x_wconf 66' lang='grc' dir='ltr'><em>ἀηδόνας.</em></span> 
     </span>
     <span class='ocr_line' id='line_1_26' title="bbox 250 2417 1424 2487; baseline -0.005 -20"><span class='ocrx_word' id='word_1_183' title='bbox 250 2423 376 2469; x_wconf 79' lang='lat' dir='ltr'><strong>Tunc</strong></span> <span class='ocrx_word' id='word_1_184' title='bbox 409 2426 638 2471; x_wconf 80' lang='lat' dir='ltr'><strong>insomnes</strong></span> <span class='ocrx_word' id='word_1_185' title='bbox 674 2425 808 2471; x_wconf 81' lang='lat' dir='ltr'><strong>clara</strong></span> <span class='ocrx_word' id='word_1_186' title='bbox 851 2440 1029 2469; x_wconf 79' lang='lat' dir='ltr'><strong>aurora</strong></span> <span class='ocrx_word' id='word_1_187' title='bbox 1060 2421 1253 2487; x_wconf 67' lang='lat' dir='ltr'><strong>suscitat</strong></span> <span class='ocrx_word' id='word_1_188' title='bbox 1286 2417 1424 2463; x_wconf 77' lang='lat' dir='ltr'><strong>lasci-</strong></span> 
     </span>
     <span class='ocr_line' id='line_1_27' title="bbox 117 2503 233 2549; baseline -0.009 0"><span class='ocrx_word' id='word_1_189' title='bbox 117 2503 233 2549; x_wconf 78' lang='lat' dir='ltr'><strong>nias.</strong></span> 
     </span>
     <span class='ocr_line' id='line_1_28' title="bbox 89 2574 1425 2631; baseline -0.008 0"><span class='ocrx_word' id='word_1_190' title='bbox 89 2608 94 2615; x_wconf 62' lang='lat'><strong><em>¹</em></strong></span> <span class='ocrx_word' id='word_1_191' title='bbox 153 2628 158 2631; x_wconf 93' lang='grc'><em>,</em></span> <span class='ocrx_word' id='word_1_192' title='bbox 240 2583 428 2631; x_wconf 86' lang='lat' dir='ltr'><strong>Protulit</strong></span> <span class='ocrx_word' id='word_1_193' title='bbox 476 2583 594 2630; x_wconf 89' lang='lat' dir='ltr'><strong>hunc</strong></span> <span class='ocrx_word' id='word_1_194' title='bbox 648 2601 821 2631; x_wconf 85' lang='lat' dir='ltr'><strong>versum</strong></span> <span class='ocrx_word' id='word_1_195' title='bbox 865 2580 1143 2630; x_wconf 77' lang='lat' dir='ltr'><strong>Herodianus</strong></span> <span class='ocrx_word' id='word_1_196' title='bbox 1192 2574 1425 2625; x_wconf 85' lang='lat' dir='ltr'><strong>schematis</strong></span> 
     </span>
    </p>
   </div>
  </div>
 </body>
</html>
