1677 3059
562 201 1001 272 -.⁵⁷-

131 346 289 392 simum
320 342 461 390 visum
495 352 583 400 est,
619 340 973 409 heroico-lyrica
997 359 1151 391 vocare
1175 341 1263 389 sive
1289 343 1437 408 epico-

132 424 280 491 lyrica.
347 425 457 472 Nam
490 425 722 490 quominus
754 421 1003 471 Welckero
1038 421 1243 489 Append.
1270 422 1435 488 Trilog.

132 503 288 551 Aesch.
324 523 366 570 p.
391 504 510 562 245,
543 521 656 552 cens.
682 503 865 551 Stesich.
902 502 1044 552 Klein.
1076 523 1119 570 p.
1145 503 1250 551 166.
1288 521 1438 551 assen-

132 584 314 643 tiamur,
350 585 425 651 qui
460 584 708 649 tragoedias
738 584 899 653 lyricas
936 584 1218 650 appellandas
1255 583 1438 641 censuit,

132 664 266 713 multa
312 676 414 713 sunt
459 666 505 712 in
550 682 684 712 mora.
790 663 1043 712 Cavendum
1092 663 1206 710 enim
1248 674 1337 721 est,
1383 681 1440 712 ne

135 745 496 793 commisceantur
530 762 604 803 ea,
660 764 772 812 quae
817 753 1073 808 argumento
1109 742 1292 802 similia,
1349 741 1441 792 dis-

134 825 372 891 crepabant
416 837 458 874 et
490 826 745 875 tractatione
789 836 830 875 et
863 825 961 873 fine.
1047 821 1149 870 Illae
1187 822 1441 888 tragoediae

131 902 316 970 lyricae,
362 906 417 954 de
452 906 615 972 quibus
651 905 797 954 denuo
833 903 942 953 dixit
974 903 1166 951 Boeckh.
1201 904 1331 970 Corp.
1369 905 1442 952 In-

132 1000 238 1031 scrr.
265 987 298 1033 1.
334 1005 376 1053 p.
411 989 530 1045 765,
580 986 850 1035 Orchomeni
891 983 1076 1048 singulis
1109 986 1333 1048 tragoedis
1372 1005 1443 1035 re-

133 1065 401 1126 citabantur,
447 1068 554 1115 haec
586 1067 778 1115 carmina
810 1067 944 1115 choro
978 1076 1099 1130 apta:
1146 1064 1217 1113 illa
1242 1066 1299 1113 ad
1332 1067 1442 1114 Dio-

133 1164 293 1212 nysum
324 1147 625 1213 pertinebant,
680 1147 788 1195 haec
821 1165 912 1195 non
945 1146 1075 1193 item:
1137 1144 1234 1194 illae
1268 1148 1314 1194 in
1346 1148 1444 1213 ipsa

136 1225 320 1274 Graecia
357 1239 482 1275 natae
526 1239 568 1275 et
614 1226 831 1283 excultae,
884 1225 990 1272 haec
1028 1224 1219 1273 carmina
1264 1227 1310 1273 in
1353 1244 1443 1274 una

134 1305 257 1353 Italia
289 1318 330 1355 et
363 1308 514 1356 Sicilia
547 1308 667 1374 apud
699 1305 1008 1354 Chalcidenses
1043 1317 1082 1353 et
1109 1307 1351 1353 Locrenses
1379 1305 1444 1354 ef-

134 1383 387 1435 floruerunt.
455 1391 566 1438 Nam
603 1388 658 1436 de
692 1386 864 1435 Sacada
885 1385 1050 1449 Argivo
1072 1403 1141 1433 res
1174 1386 1337 1434 incerta
1365 1397 1441 1434 est.

137 1465 287 1528 Quare
331 1468 406 1534 qui
455 1468 760 1535 dithyrambos
806 1477 1012 1515 vocarant
1056 1466 1250 1513 carmina
1292 1468 1444 1514 Xeno-

138 1547 232 1595 criti
266 1549 526 1607 Locrensis,
559 1549 684 1614 cujus
710 1550 900 1613 ᾄσματα
922 1545 1201 1595 Stesichoriis
1226 1545 1446 1595 simillima

137 1628 274 1676 fuisse
307 1628 533 1687 videntur,
588 1648 625 1675 v.
662 1630 774 1677 Plut.
809 1630 926 1676 Mus.
966 1629 1039 1675 10.
1084 1629 1298 1689 ἡρωϊκῶν
1329 1630 1446 1675 ’ὑπο-

137 1715 310 1756 θέσεων
332 1711 589 1772 πράγματα
621 1713 824 1764 ἐχουσῶν
856 1712 1056 1767 ποιητὴν
1087 1714 1321 1770 γεγονέναι
1355 1725 1447 1769 φα-

139 1793 210 1837 σίν
242 1792 411 1839 αὐτόν·
456 1792 528 1838 διὸ
565 1797 648 1838 καί
675 1809 802 1843 τινας
835 1792 1150 1852 διθυράμβους
1182 1795 1334 1835 καλεῖν
1363 1789 1448 1839 τὰς

138 1873 374 1923 ὑποθέσεις
384 1889 409 1936 3
441 1872 514 1919 illa
540 1871 675 1935 igitur
708 1872 899 1919 carmina
927 1870 1003 1936 qui
1039 1866 1343 1935 dithyrambos
1371 1884 1448 1914 vo-

141 1964 320 2011 carunt,
380 1952 551 2001 diversa
599 1971 760 2017 genera
807 1953 954 2018 poesis
997 1951 1159 2018 lyricae
1205 1945 1450 1995 confuude-

140 2031 258 2080 bant.
336 2035 515 2082 Veteres
551 2034 771 2081 communi
807 2035 1059 2098 ᾀσμάτων,
1094 2031 1241 2087 μελῶν
1271 2026 1451 2074 nomine

143 2111 383 2161 Stesichori
425 2127 466 2163 et
508 2115 634 2183 Ibyci
684 2114 877 2162 earmina
925 2108 1294 2176 comprehendere
1336 2105 1451 2154 sole-

142 2192 262 2240 bant.
331 2194 532 2243 Ceterum
565 2194 687 2260 quod
720 2193 951 2242 Welcker.
986 2192 1011 2239 l.
1050 2210 1114 2248 c.,
1157 2188 1299 2236 Klein.
1338 2187 1449 2235 Stes.

143 2292 185 2339 p.
216 2274 293 2322 87.
329 2275 527 2324 mirabile
561 2276 787 2332 dixerunt,
851 2273 958 2320 nihil
1001 2272 1178 2318 omnino
1225 2270 1279 2316 de
1314 2278 1452 2315 secta-

143 2354 315 2402 toribus
348 2355 586 2403 Stesichori
619 2355 780 2403 tradita
814 2354 925 2417 legi,
960 2353 1145 2400 forsitan
1178 2367 1295 2398 nunc
1330 2346 1453 2395 aliter

145 2434 416 2500 judicabunt.
450 2466 510 2472 —

277 2517 337 2562 Ut
371 2515 676 2581 perspiciatur,
711 2514 932 2580 quomodo
967 2516 1014 2561 in
1044 2512 1205 2580 mythis
1231 2527 1452 2576 usurpan-

147 2595 217 2644 dis
262 2609 457 2646 versatus
492 2596 548 2643 sit
579 2596 768 2664 Ibycus,
820 2596 973 2662 paucis
1019 2589 1453 2659 comprehendemus,
