1677 3059
674 233 739 242 -..
860 207 924 252 30
1045 232 1110 242 ...-

241 348 493 395 evincantur
526 346 646 393 falsa.
743 344 1044 392 Posteriorum
1076 342 1240 407 judicia
1273 341 1546 390 saeculorum

241 429 297 476 de
330 426 529 475 moribus
560 426 842 491 antiquorum
873 435 1101 489 poetarum
1129 424 1382 487 consignata
1407 423 1544 470 maxi-

239 526 355 556 mam
387 519 556 572 partem
589 525 639 554 ex
667 505 934 554 carminibus
959 515 1059 570 apta
1087 503 1238 562 fuisse,
1273 523 1363 551 non
1383 522 1543 570 aequa-

240 590 348 637 lium
398 588 572 653 scriptis
623 587 782 635 tradita
829 585 896 634 vel
949 585 1057 633 haec
1103 583 1262 631 docent
1306 584 1544 641 Ciceronis,

242 671 386 735 dispp.
425 668 602 716 Tuscul.
637 668 713 725 IV,
746 671 824 726 33,
856 669 930 720 71.
967 663 1117 727 »Quid
1150 663 1349 713 homines
1385 663 1545 711 doctis-

241 752 340 799 simi
385 759 427 797 et
471 748 628 795 summi
672 759 827 814 poetae
862 748 916 796 de
957 766 1005 795 se
1046 746 1155 811 ipsis
1191 756 1232 793 et
1276 745 1545 794 carminibus

226 832 379 893 *edunt
411 840 454 877 et
487 827 722 876 cantibus?
797 829 942 877 Fortis
975 829 1042 875 vir
1073 827 1120 875 in
1155 846 1235 875 sua
1268 825 1438 892 republ.
1471 843 1547 872 co-

242 913 389 978 gnitus
433 927 545 975 quae
583 909 638 956 de
686 910 893 974 juvenum
934 927 1083 956 amore
1127 908 1281 956 scribit
1321 907 1547 956 Alcaeus?

240 1011 344 1040 nam
390 990 679 1038 Anacreontis
726 990 905 1054 quidem
952 1001 1043 1037 tota
1084 990 1232 1055 poesis
1276 999 1342 1036 est
1382 999 1547 1035 amato·

242 1074 320 1121 ria.
334 1073 378 1134 9)
458 1073 671 1118 Maxime
718 1089 819 1118 vero
866 1072 1077 1116 omnium
1106 1073 1349 1140 flagrasse
1387 1086 1548 1116 amore

242 1153 511 1215 Rheginum
544 1151 740 1213 Ibycum
774 1159 972 1214 apparet
1004 1169 1064 1197 esc
1095 1152 1317 1214 scrzph'ssc
1389 1151 1548 1197 Hacte-

241 1251 327 1280 nus
362 1229 545 1277 Tullius.
615 1229 893 1277 Carminibus
912 1231 1066 1277 nititur
1094 1231 1178 1279 hoe
1197 1230 1412 1296 judicium
1431 1247 1551 1277 ama-

242 1314 392 1362 toriis:
451 1328 564 1376 quae
612 1329 749 1375 quum
793 1310 1121 1374 flagrantissimi
1176 1311 1383 1358 desiderii
1431 1311 1548 1358 notis

245 1394 474 1450 distincta,
533 1410 735 1438 versuum
772 1391 939 1438 ambitu
973 1404 1015 1439 et
1058 1392 1400 1439 conformatione
1434 1403 1550 1439 stro-

243 1476 375 1542 phica
415 1473 631 1536 insignia⁷
683 1471 790 1519 alios
825 1483 976 1536 poetas
1023 1472 1165 1519 eidem
1209 1473 1357 1537 poesis
1399 1472 1549 1535 generi

243 1558 433 1604 intentos
467 1553 599 1616 longe
632 1563 734 1618 post
767 1570 814 1599 se
847 1553 1168 1619 relinquerent,
1204 1553 1408 1599 videntur
1441 1553 1550 1599 effe-

246 1638 380 1694 cisse,
418 1646 466 1683 ut
500 1634 583 1681 alia
609 1633 803 1696 Rhegini
830 1646 985 1699 poetae
1017 1635 1208 1681 carmina
1237 1635 1444 1681 continuo
1468 1633 1551 1680 ob-

246 1727 537 1764 scurarentur.
604 1715 752 1762 Probe
783 1735 884 1763 vero
915 1717 1103 1772 factum,
1140 1714 1262 1780 quod
1284 1714 1436 1762 Cicero
1458 1734 1550 1762 non

247 1796 572 1846 dissimulanter
615 1795 769 1861 judicii
803 1796 946 1843 fontes
981 1795 1171 1844 indicat:
1227 1814 1370 1860 neque
1403 1813 1485 1843 nos
1517 1796 1551 1843 ii

247 1897 424 1936 sumus,
479 1878 555 1942 qui
592 1877 713 1940 gravi
756 1878 855 1923 testi
886 1876 1019 1923 fidem
1065 1877 1283 1940 denegare
1327 1895 1549 1936 conemur,

249 1979 382 2024 quum
419 1958 486 2005 vel
515 1957 706 2004 tantillae
740 1958 950 2022 reliquiae
976 1958 1080 2005 satis
1117 1975 1336 2023 superque
1370 1957 1551 2019 integri-

245 2053 375 2087 tatem
407 2038 567 2105 judicis
603 2050 822 2095 asserant:
868 2039 950 2085 hoc
985 2057 1208 2096 cavemus,
1243 2055 1298 2083 ne
1327 2037 1425 2101 quis
1446 2036 1551 2084 inde

248 2122 376 2167 vitam
409 2131 564 2185 poetae
595 2120 642 2166 in
662 2138 813 2166 omnes
835 2138 1004 2167 amores
1037 2119 1223 2166 effusam
1250 2117 1378 2181 jactet
1399 2116 1547 2164 fuisse.

249 2201 516 2265 Quanquam
552 2199 624 2246 alii
663 2199 863 2249 homines
899 2212 1046 2266 aperte
1091 2199 1147 2245 de
1183 2198 1352 2244 furioso
1397 2208 1551 2261 poetae

248 2301 394 2328 amore
436 2282 481 2327 in
535 2281 745 2345 pulchros
789 2298 951 2346 pueros
1006 2279 1308 2325 vociferantur.
1400 2276 1552 2324 Solent

249 2363 362 2408 enim
397 2361 663 2427 posteriores
694 2362 930 2427 scriptores
967 2361 1013 2407 in
1046 2378 1139 2407 cam
1160 2369 1328 2424 partem
1359 2375 1552 2423 propen-

303 2551 343 2596 9)
367 2551 602 2600 Eundemque
625 2559 745 2586 tamen
767 2563 785 2584 a
808 2562 949 2583 morum
973 2547 1172 2593 corruptela
1196 2545 1351 2580 vindicat
1371 2543 1550 2578 sobrium-

384 2630 451 2662 que
483 2625 516 2652 et
546 2624 805 2666 temperantem
828 2615 949 2648 misse
980 2621 1104 2649 auctor
1142 2610 1345 2646 Athenaeus
1375 2616 1424 2643 est
1447 2609 1491 2652 X,
1514 2610 1548 2644 7.
