1677 3059
581 216 643 224 -
770 189 831 234 53
954 214 1018 222 ..-

137 339 299 376 stantes
336 326 541 374 Cleandri
577 327 680 375 civis
709 326 801 385 sui,
838 325 1011 374 sodales
1035 324 1235 382 victoris,
1269 337 1441 374 cantum

135 407 406 454 ordiantur„
457 410 516 455 Ut
551 409 769 466 nesciam,
821 406 992 474 qualem
1028 405 1115 453 sibi
1149 403 1440 452 Stesichorio-

133 506 230 535 rum
258 487 451 536 indolem
496 490 735 536 carminum
770 489 914 535 animo
959 486 1257 534 informaverit
1289 486 1435 533 Herm.

131 570 328 616 Koester.
366 569 442 635 qui
484 568 539 616 de
581 569 778 617 cantilen.
814 580 910 616 vett.
949 568 1025 615 Gr.
1064 565 1355 632 popularibus
1390 585 1432 632 p.

131 649 174 696 6.
209 651 272 696 τα
294 655 496 713 δημοσίᾳ
517 652 720 715 ᾀδόμενα
741 650 850 697 nihil
883 648 983 696 velit
1017 647 1263 710 significare
1298 646 1432 704 aliud,

130 748 261 794 quam
299 731 505 787 ludicra,
557 738 780 796 παίγνια,
827 729 921 777 coll.
959 727 1103 775 Schol.
1137 727 1214 773 Ar.
1247 726 1429 793 Lysistr.

129 812 236 858 700.
287 811 516 857 Praeterea
541 810 790 869 edocemur,
825 811 1021 878 Phrygia
1042 806 1231 854 melodia
1252 822 1428 869 compo-

127 891 253 938 sitam
273 890 410 938 fuisse
424 890 665 938 Oresteam.
702 891 898 958 Phrygia
918 902 1061 937 autem
1082 886 1271 934 melodia
1294 903 1429 950 quum

126 981 240 1018 esset
263 970 468 1034 religiosa
503 982 706 1038 aptaque,
741 984 789 1019 ut
823 972 882 1019 ait
903 970 1103 1027 Pmclus,
1134 972 1192 1018 εἰς
1219 968 1317 1029 ἱερὰ
1350 968 1431 1013 καί

121 1053 432 1114 ἕνθεασμοὺς,
467 1052 527 1100 ὥς
549 1054 826 1116 ἐκστατική,
863 1070 900 1098 v.
925 1049 1114 1097 Boeckb.
1141 1059 1262 1096 metr.
1295 1045 1424 1095 Pind.

122 1149 163 1196 p.
186 1132 321 1189 239.‚
356 1131 600 1179 Pindarum
625 1132 669 1178 in
703 1133 901 1198 epiniciis
937 1149 986 1179 ea
1012 1131 1074 1177 uti
1105 1148 1193 1177 non
1228 1129 1425 1196 potuisse

122 1223 316 1278 apparet,
350 1231 386 1257 v.
409 1212 635 1260 Thiersch.
670 1212 849 1260 Pindar.
872 1212 906 1269 I,
931 1211 1066 1277 praef.
1095 1230 1136 1275 p.
1160 1210 1235 1257 44.
1309 1209 1423 1256 Con-

120 1293 236 1340 venit
255 1304 412 1351 autem,
436 1294 515 1340 ubi
534 1294 693 1341 festum
713 1291 893 1357 aliquod
915 1291 1218 1339 celebrabatur
1240 1290 1323 1336 sub
1348 1289 1421 1336 dio

118 1373 327 1421 redeunte
362 1391 485 1431 vere,
539 1393 674 1439 quum
709 1373 754 1419 in
800 1390 1014 1420 summam
1049 1371 1252 1418 laetitiam
1288 1370 1420 1418 animi

117 1454 343 1501 hominum
377 1453 722 1501 effunderentur.
789 1454 1112 1518 Habebamque
1137 1452 1224 1499 fata
1247 1450 1418 1498 Orestis

116 1547 158 1582 et
198 1535 369 1582 facinus
410 1536 753 1598 μητρόκτονον,
806 1535 928 1600 quod
973 1534 1200 1581 hominum
1248 1533 1417 1580 animos

110 1616 285 1680 gravius
317 1626 598 1681 permoveret.

242 1695 333 1744 Sed
367 1696 554 1760 digitum
590 1695 818 1744 intendere
855 1695 1059 1743 videntur
1090 1694 1225 1743 verba
1265 1692 1416 1740 ultima

108 1767 217 1838 ἦρος
255 1779 554 1838 ἐπερχομένου
591 1796 666 1836 eo,
723 1797 811 1843 quo
854 1776 1067 1823 volumus.
1162 1775 1253 1821 Cur
1299 1773 1415 1821 enim

108 1873 207 1903 vere
247 1857 628 1922 appropinquante
665 1857 894 1905 Oresteam
928 1866 1142 1904 cantatam
1178 1853 1413 1902 dicamus?

106 1938 158 1984 In
192 1936 340 1983 Sicilia
377 1956 626 2003 magnaque
664 1939 850 1986 Graecia
885 1937 1027 1985 coloni
1065 1935 1223 1984 Graeci
1256 1933 1411 1982 eximio

109 2016 225 2064 cultu
255 2018 638 2083 prosequebantur
669 2019 828 2067 multos
857 2019 1040 2075 heroes,
1100 2017 1176 2082 qui
1209 2016 1256 2063 in
1291 2032 1411 2062 erro-

106 2096 231 2144 ribus
265 2115 315 2144 eo
349 2098 504 2164 perlati
534 2099 812 2158 ferebantur,
858 2099 989 2147 veluti
1024 2098 1178 2145 heroes
1210 2094 1409 2160 Trojani‚

105 2176 339 2235 Hercules,
400 2179 682 2243 Argonautae
727 2181 886 2245 aliique
931 2198 1019 2225 non
1063 2178 1206 2243 pauci.
1295 2174 1409 2237 Qui-

105 2258 190 2305 bus
227 2262 514 2319 ἐναγίσματα
555 2260 707 2307 osferri
749 2261 873 2307 solita
909 2260 1036 2306 docet
1075 2256 1236 2305 Pseud.
1264 2253 1407 2302 -Ari-

104 2351 200 2386 stot.
225 2338 411 2385 mirabb.
440 2340 679 2387 auscultatt.
710 2340 816 2387 114.
863 2348 936 2389 Ἐν
961 2342 1162 2401 Τάραντι
1192 2337 1408 2396 ἐναγίζειν

103 2422 228 2469 κατα
258 2437 383 2470 τινας
413 2421 600 2481 χρόνους
632 2424 773 2481 φασίν
794 2427 1027 2482 Ἀτρείδαις
1064 2423 1143 2467 καί
1176 2419 1406 2464 Τυδείδαις

102 2504 185 2548 καί·
214 2505 450 2551 Αἰακίδαις
484 2504 564 2546 καί
597 2503 920 2560 Λαερτιαδαις.
976 2504 1057 2547 καί
1094 2498 1404 2559 Ἀγαμεμνονί-

101 2586 201 2633 δαις
223 2586 273 2629 δέ
305 2585 442 2644 χωρίς
473 2587 648 2629 θυσίαν
680 2584 893 2628 ἐπιτελεῖν
917 2586 962 2629 ἐν
985 2580 1104 2640 ἄλλῃ
1125 2581 1272 2640 Γἡμέρα
1292 2578 1405 2638 ἰδίᾳ,
