1677 3059
569 209 632 218 —
752 179 808 225 71
942 205 1005 214 ..-

134 329 182 364 ut
214 327 340 382 poeta
373 318 524 365 Lunae
558 318 604 365 in
647 316 971 384 Endymionem
1011 336 1204 366 amorem
1244 320 1440 368 similiter

133 398 407 457 adhibuerit,
456 409 585 463 atque
622 397 925 465 Ganymedem
961 409 1002 446 et
1035 399 1276 447 Tithonum
1310 418 1438 448 usur-

131 479 248 543 pavit
280 483 327 526 ἐν
358 481 418 539 τῇ
452 484 510 529 εἰς
542 485 740 542 Γοργίαν
769 480 897 543 ᾠδῇ,
944 479 1118 543 frgmm.
1150 482 1202 527 V.
1236 482 1308 527 VI.
1387 482 1438 529 In

131 558 284 622 quinto
318 558 432 606 libro
457 559 599 607 inerat
632 558 686 607 de
716 559 974 606 Molionidis
1003 559 1209 617 historia,
1245 579 1281 606 v,
1307 559 1435 624 srgm.

129 639 310 687 XXVII.
389 640 705 687 Grammaticos
739 639 1062 688 Alexandrinos
1098 659 1275 706 operam
1311 659 1434 688 suam

129 718 397 785 impendisse
417 719 673 783 colligendis
696 720 964 768 carminibus
986 719 1110 786 Ibyci
1136 721 1276 777 docet,
1315 721 1437 785 quod

129 798 186 845 ad
226 800 414 848 relicuos
449 819 626 866 quoque
660 812 812 866 poetas
845 799 1007 867 lyricos
1044 798 1309 860 digerendos
1344 813 1435 848 stu-

129 880 202 928 dia
227 899 306 928 sua
330 880 631 938 contulerunt,
663 900 699 927 v.
723 880 913 928 Boeckh.
946 879 1082 945 praef.
1117 880 1277 928 Scholl.
1306 882 1432 929 Pind.

126 980 168 1026 p.
204 962 266 1008 IX
289 980 412 1027 sqq.‚
447 960 590 1008 Klein.
624 961 808 1009 Stesich.
844 980 886 1027 p.
924 961 998 1008 48.
1084 960 1286 1023 Quorum
1318 962 1434 1026 judi-

125 1042 241 1090 cium
267 1042 315 1090 in
349 1040 700 1089 dubitationibus
723 1041 777 1088 de
804 1042 1046 1088 carminum
1066 1042 1318 1089 auctoribus
1341 1060 1434 1089 mo-

123 1122 276 1169 vendis
309 1133 485 1169 secutus
519 1122 772 1169 Athenaeus
810 1121 1002 1177 videtur,
1037 1140 1074 1167 v.
1110 1139 1246 1187 supra
1275 1142 1317 1188 p.
1339 1124 1432 1179 43„

124 1203 187 1249 uti
219 1202 553 1250 Eratosthenem
587 1203 633 1266 in
658 1203 852 1251 ferendis
879 1202 934 1249 de
969 1200 1219 1248 fabularum
1251 1205 1434 1264 γνησιό-

123 1300 229 1341 τήτι
261 1283 436 1347 judiciis
460 1283 627 1348 ubique
658 1284 872 1330 imitatum
907 1281 1077 1329 censuit
1107 1281 1295 1330 eundem
1321 1283 1433 1329 Mei-

122 1363 220 1412 nek.
256 1375 438 1428 quaestt.
474 1382 590 1412 scen.
629 1365 662 1422 I,
693 1383 734 1430 p.
772 1365 844 1413 10.
913 1361 1016 1424 Quo
1050 1362 1267 1410 stabilitur
1302 1381 1433 1428 quam

124 1445 179 1493 de
212 1444 286 1492 illo
322 1445 418 1492 loco
455 1445 644 1492 diximus
679 1444 952 1492 sententiam.
991 1474 1051 1482 —-

249 1525 515 1573 Sambucam
559 1525 647 1572 sive
692 1524 967 1582 iambucam,
1029 1525 1271 1587 ἰαμβῦκαι.
1306 1529 1350 1572 οἱ
1383 1530 1432 1573 δὲ

122 1607 387 1670 σαμβῦκαι,
422 1606 548 1654 Phot.
577 1625 609 1653 s.
645 1625 699 1665 v.,
748 1606 969 1652 inventum
1006 1604 1130 1671 Ibyci
1160 1607 1244 1652 τοῦ
1278 1607 1431 1666 Ῥηγί-

120 1704 202 1734 νου
234 1688 430 1743 ποιητοῦ
465 1686 626 1744 fuisse,
672 1698 774 1753 post
806 1685 1047 1733 Neanthem
1089 1685 1350 1752 Cyzicenum
1384 1690 1431 1732 ἐν

119 1756 293 1830 πρώτῳ.
321 1769 452 1829 ὥρων
491 1787 558 1834 ap.
595 1767 752 1815 Athen.
789 1768 864 1825 IV,
900 1786 942 1832 p.
982 1769 1099 1824 175,
1135 1767 1184 1813 Ε.
1267 1764 1428 1812 Suidas

120 1860 272 1896 auctor
303 1859 367 1895 est
398 1867 432 1895 s.
466 1867 529 1895 vv.
559 1849 727 1911 Ἴβυκος
760 1859 799 1895 et
832 1849 1078 1911 σαμβῦκαι.
1157 1847 1429 1893 Instrumen-

118 1940 212 1976 tum
233 1927 519 1975 Calabrorum
543 1928 688 1993 inepte
710 1929 911 1976 Lascaris
940 1929 1118 1976 vocavit.
1185 1928 1316 1974 Teste
1337 1927 1427 1973 Eu-

118 2008 332 2073 phorione
364 2028 432 2074 ap.
468 2008 626 2056 Athen.
650 2010 769 2065 XIII,
795 2029 836 2075 p.
860 2012 968 2067 6:33,
1005 2011 1051 2056 F.
1076 2006 1228 2056 Parthi
1253 2017 1295 2053 et
1314 2007 1427 2054 Tro-

119 2087 323 2155 glodytae
361 2108 412 2137 eo
437 2090 724 2137 instrumento
760 2090 830 2136 usi
865 2103 988 2149 sunt,
1025 2102 1230 2155 quattuor
1261 2089 1427 2136 intento

117 2167 287 2223 nerviS,
323 2180 417 2216 orto
453 2189 504 2218 ex
537 2170 773 2233 magadide
805 2171 958 2238 Lydia.
1030 2171 1186 2217 Scamo
1214 2182 1355 2216 autem
1381 2176 1428 2218 ἐν

116 2250 183 2311 τῷ
214 2251 315 2309 περι
343 2252 612 2312 εὑρημάτων
648 2270 714 2316 ap.
752 2251 909 2298 Athen.
947 2252 1064 2307 XIII,
1101 2270 1142 2316 p.
1173 2253 1281 2308 637,
1314 2252 1364 2297 B.
1403 2271 1424 2298 a

117 2327 334 2394 Sambyce
371 2330 560 2394 quodam
587 2334 874 2395 excogitatum
910 2335 994 2398 jam
1032 2351 1056 2378 a
1091 2330 1261 2397 Sibylla
1295 2350 1423 2378 usur-

115 2421 266 2474 patum
301 2410 465 2457 scribit.
535 2413 659 2459 Phot.
685 2433 717 2460 s.
747 2436 782 2461 V.
820 2419 911 2463 ’ὑπὸ
946 2414 1180 2476 Σάμβυκος
1214 2429 1331 2463 τινος
1353 2416 1423 2458 εὑ-

115 2495 259 2555 ρέθη,
294 2491 358 2538 cll.
397 2491 689 2539 Chocrobosr.
726 2496 769 2542 in
805 2497 938 2543 Bekk.
974 2492 1172 2541 Anecdd.
1209 2512 1249 2558 p.
1285 2494 1419 2541 1417.

116 2569 208 2633 Qui
242 2571 442 2621 homines
480 2584 528 2619 ut
564 2573 618 2620 ‹le
651 2594 771 2623 more
808 2575 1122 2624 Graeculorum
1161 2593 1211 2621 ex
1247 2576 1422 2621 nomine
