1677 3059
637 208 702 217 —
817 193 901 227 vm
1013 211 1079 219 -—-

204 322 417 387 poematis
444 321 675 385 utriusque
701 320 810 368 lecta
832 331 991 378 essent,
1026 319 1160 366 modo
1194 319 1249 368 ab
1270 319 1356 367 hoc
1378 317 1511 366 modo

205 408 260 454 ab
294 406 367 454 illo
401 418 713 472 repeterentur.

338 493 617 540 Stesichorus
653 512 750 540 curn
773 494 972 541 choricae
1005 497 1192 558 po‘e'seos
1222 493 1336 540 inter
1367 504 1515 540 aucto-

207 600 277 628 res
308 581 440 627 fuerit
468 580 790 628 nobilissimos:
828 582 955 629 etiam
981 579 1184 645 Ibycum,
1221 579 1412 626 dubitari
1438 598 1520 626 nea

211 669 328 733 quit,
365 678 406 714 et
433 666 611 714 heroica
637 687 716 714 sua
740 667 932 715 carmina
957 678 997 714 et
1022 668 1231 714 amatoria
1251 685 1364 725 non,
1398 667 1516 713 Aeo-

209 756 395 802 lensium
422 760 652 820 po‘e'tarum
677 774 822 813 more,
860 753 1003 801 solum
1036 754 1093 801 ad
1124 753 1262 821 lyrani
1292 753 1518 811 cecinisse,

213 842 293 890 sed
338 841 520 888 chorum
557 840 785 900 docuisse,
835 841 909 906 qui
946 860 1018 899 ea,
1065 852 1138 888 aut
1167 840 1359 906 *publicis
1395 841 1519 899 locis,
1578 898 1580 902 λ

212 941 285 976 aut
322 929 366 975 in
406 928 612 975 conviviis
644 928 913 993 privatorum
945 922 1196 985 hominum,
1248 929 1444 976 canendo
1480 939 1521 976 et

213 1015 413 1062 saltando
450 1026 770 1079 exsequeretur.
858 1015 960 1077 Quo
996 1015 1185 1072 factum,
1233 1027 1281 1062 ut
1316 1017 1443 1064 etiam
1471 1016 1521 1062 in

213 1121 416 1150 versuum
451 1113 492 1149 et
513 1094 808 1166 stropharum
840 1102 1209 1161 conformatione,
1264 1102 1311 1149 in
1350 1101 1524 1149 dialecti

214 1188 483 1247 rationibus,
545 1189 590 1235 in
637 1188 806 1236 delectu
854 1201 894 1237 et
936 1200 1121 1237 tractatu
1167 1201 1525 1252 argumentorum

215 1295 375 1340 magno
417 1275 668 1322 discrimine
710 1276 840 1324 distet
883 1277 1045 1343 Ibycus
1092 1296 1116 1324 a
1149 1277 1291 1342 poetis
1335 1276 1527 1325 Aeolen-

218 1361 367 1420 sibus,
405 1374 445 1410 et
477 1361 605 1428 plane
628 1381 779 1410 eorum
807 1364 863 1410 sit
892 1363 1158 1426 lyricorum,
1196 1382 1307 1429 quos
1336 1364 1527 1411 Dorien-

219 1468 289 1496 ses
312 1467 567 1514 nuncupare
596 1451 878 1498 assuevimus.
947 1451 1003 1497 Et
1028 1451 1149 1516 quod
1175 1450 1231 1497 ad
1264 1470 1528 1518 versuum

219 1535 557 1602 pangendorum
600 1535 831 1583 artificium
876 1538 1049 1595 attinet,
1100 1556 1198 1585 cum
1234 1537 1529 1595 Stesichorus,

223 1623 414 1688 antiquis
453 1622 716 1688 melopoeis‚
768 1625 843 1689 qui
876 1625 1138 1672 hexametris
1172 1624 1396 1691 dactylicis
1432 1628 1530 1671 mu‘-

223 1712 337 1760 sicos
365 1711 522 1759 modos
555 1712 828 1759 adhibebant
864 1713 969 1777 (hoc
995 1723 1082 1760 est:
1120 1715 1165 1759 οἳ
1193 1714 1422 1763 ποιοῦντες
1441 1717 1529 1771 ἔπη

223 1800 401 1849 τούτοις
441 1802 554 1857 μέλη
589 1803 955 1865 περιετίθεσαν),
1000 1799 1269 1857 simillimus,
1316 1800 1533 1866 imprimis

225 1887 498 1935 hexametros
544 1886 784 1934 minuendo
828 1898 869 1933 et
912 1887 1133 1934 interdum
1189 1887 1318 1934 etiam
1364 1886 1534 1952 produ-

228 1973 395 2031 cendo,
457 1972 733 2039 singulisque
775 1974 1008 2037 longorum
1053 1993 1256 2021 versuum
1301 1972 1534 2020 ordinibus

229 2060 451 2108 solvendis
486 2071 527 2107 et
562 2060 645 2107 alia
678 2061 846 2108 ratione
879 2060 1219 2127 componendis,
1255 2079 1364 2106 nova
1399 2071 1538 2106 metra

230 2147 524 2194 condidisset:
560 2147 688 2193 etiam
722 2147 768 2195 in
800 2147 937 2215 Ihyco
971 2146 1285 2214 dactylicorum
1317 2146 1364 2192 id
1399 2165 1538 2209 genus

229 2253 456 2292 versuum,
495 2233 615 2298 quod
653 2235 1036 2297 grammaticorum
1069 2233 1316 2281 testimonio
1355 2245 1394 2280 et
1418 2232 1538 2296 frag-

231 2333 477 2368 mentorum
537 2320 712 2368 indiciis
763 2331 956 2377 constat,
1012 2320 1161 2383 largus
1205 2319 1370 2367 fluebat
1423 2321 1534 2368 fons.

234 2407 323 2454 Sed
366 2407 541 2454 videtur
580 2407 743 2474 Ibycus
790 2407 989 2454 licentius
1034 2425 1084 2453 ea
1125 2418 1261 2454 metra
1304 2424 1539 2472 usurpasse

236 2512 366 2557 quam
398 2493 702 2550 Stesichorus,
736 2493 798 2540 ita
831 2504 880 2540 ut
911 2511 1083 2540 omnem
1110 2512 1260 2541 versus
1293 2512 1540 2541 mensuram

237 2580 546 2628 transsiliendo
592 2580 640 2629 in
675 2580 876 2644 longiora
909 2591 1144 2647 systemata
1192 2580 1388 2647 dactylos
1434 2580 1541 2627 istos
