1677 3059
645 240 705 250 -
833 214 1083 262 4ο..

212 349 287 406 VI,
321 352 363 397 5.
434 349 584 414 Quum
618 363 762 400 autem
795 352 1058 399 hereditario
1094 351 1188 415 jure
1225 352 1386 400 familia
1420 353 1515 400 Ste-

213 429 375 477 sichori
412 432 568 496 poesin
602 432 788 479 coluisse
821 432 1041 491 videatur,
1087 433 1303 497 suspicari
1336 434 1382 481 in
1414 453 1517 499 pro-

215 510 311 558 clivi
348 523 438 570 est,
485 513 540 558 ab
574 511 765 575 antiquis
798 514 1071 578 temporibus
1104 513 1153 559 id
1184 531 1323 575 genus
1353 514 1515 579 poesis,

217 592 338 656 quod
381 592 681 639 Stesichorum
722 604 852 657 atque
898 593 1081 660 Ibycum
1118 594 1362 642 exercuisse
1398 596 1519 642 novi-

215 691 335 731 mus,
371 673 485 720 inter
516 673 646 720 Italos
680 672 894 720 floruisse.

353 755 454 800 Non
497 753 855 820 vilipendendum
902 765 967 802 est
1007 756 1055 803 in
1099 754 1182 803 hac
1220 767 1343 823 parte
1390 756 1520 822 hujus

220 833 552 899 disputationis,
602 835 724 897 quod
756 826 918 883 Himer.
965 848 1069 884 orat.
1106 838 1248 895 XXH,
1284 841 1324 885 5.
1362 856 1524 885 memo·

220 915 308 961 riae
343 914 534 961 tradidit.
624 915 864 981 Postquam
900 917 1028 975 dixit,
1074 917 1373 968 Stesichorum
1409 921 1525 975 μετὰ

220 998 272 1042 τὸ
307 997 461 1045 πάθος
498 998 865 1060 (occaecationem
893 998 1083 1062 intellige
1104 999 1162 1046 ob
1185 999 1351 1064 probra
1372 999 1418 1045 in
1437 999 1525 1045 He-

221 1077 363 1124 lenam
395 1077 612 1140 conjecta‚
655 1087 756 1141 post
790 1077 1014 1141 palinodia
1049 1089 1267 1135 sanatam,
1313 1098 1349 1125 v.
1383 1078 1524 1125 Klein.

223 1157 332 1204 Stes.
358 1157 529 1219 frgmm.
554 1176 596 1222 p.
625 1159 722 1223 91.)
754 1157 953 1222 pulsasse
984 1157 1137 1224 lyram,
1175 1158 1389 1222 adjungit,
1423 1159 1529 1225 Iby-

224 1258 320 1284 cum
357 1238 516 1283 Castana
548 1237 794 1302 profectum
822 1238 1043 1285 Himeram
1073 1240 1127 1286 de
1158 1258 1289 1287 curru
1315 1239 1531 1304 dejectum

225 1337 401 1365 manum
436 1319 714 1374 contrivisse,
753 1328 800 1364 ut
828 1336 908 1382 per
943 1320 1047 1367 satis
1075 1320 1332 1367 diuturnum
1359 1331 1532 1385 tempus

227 1419 248 1445 a
285 1398 503 1463 pulsanda
538 1399 631 1465 lyra
667 1398 885 1445 abstinere
921 1418 1098 1448 necesse
1133 1400 1357 1457 habuerit,
1394 1400 1533 1467 lyram

226 1479 419 1544 Apollini
457 1497 747 1526 consecrasse.
835 1479 976 1544 quue
1014 1480 1169 1528 fecisse
1200 1480 1423 1547 putandus
1456 1492 1533 1538 est,

227 1580 317 1607 non
354 1561 479 1624 quasi
514 1561 692 1606 omnino
730 1559 875 1606 cantui
910 1558 1182 1617 valediceret,
1217 1560 1298 1608 sed
1321 1574 1369 1611 ut
1399 1562 1535 1628 Apol-

229 1641 329 1697 lini,
380 1643 588 1688 servatori
635 1659 715 1688 suo
762 1651 811 1687 ut
854 1651 1082 1705 poetarum
1112 1642 1329 1705 praesidi,
1376 1643 1537 1707 gratias

231 1733 403 1785 ageret,
441 1722 562 1787 quod
589 1740 679 1768 non
713 1721 946 1787 perpendit
983 1720 1342 1769 W‘ernsdorfius.
1426 1723 1539 1770 Gra-

231 1802 455 1848 vissimum
487 1802 617 1850 nobis
652 1803 846 1860 videtur,
885 1801 1006 1867 quod
1041 1802 1122 1848 hae
1155 1801 1431 1866 potissimum
1466 1822 1540 1850 ur-

234 1882 312 1928 bes
348 1882 520 1931 Siculae
559 1884 691 1947 longo
726 1882 950 1931 intervallo
986 1882 1207 1947 dijunctae
1243 1900 1268 1929 a
1301 1895 1430 1949 poeta
1464 1902 1541 1949 pe-

233 1963 334 2010 titae
374 1963 601 2022 dicuntur,
660 1983 796 2029 quum
837 1976 1023 2029 utraque
1059 1962 1351 2009 Stesichoriae
1394 1963 1541 2028 poesis

236 2045 363 2091 sedes
391 2045 535 2102 fuerit,
573 2057 758 2109 utraque
783 2043 1147 2091 Chalcidensibus
1170 2041 1373 2088 habitata.
1432 2042 1544 2088 Nam

238 2125 358 2191 quod
396 2125 466 2172 alii
502 2125 784 2172 artificiosum
815 2135 1145 2171 monumentum
1178 2120 1419 2187 sepulcrale
1448 2121 1545 2170 Ste-

239 2207 400 2253 sichori
431 2206 633 2253 Himerae
660 2205 856 2270 produnt
889 2204 1047 2261 fuisse,
1079 2203 1211 2250 natali
1239 2213 1393 2267 poetae
1422 2203 1544 2261 urbe,

240 2288 355 2334 idem
391 2286 463 2333 alii
500 2286 687 2331 Catanae
723 2283 965 2332 defendunt
1000 2295 1288 2339 exstructum,
1337 2284 1442 2331 satis
1478 2303 1546 2331 ar-

242 2370 358 2430 guit,
405 2367 635 2429 utriusque
676 2367 788 2413 cives
838 2365 961 2412 urbis
1004 2365 1089 2411 sibi
1136 2381 1365 2426 arrogasse
1413 2365 1547 2411 Stesi-

245 2449 450 2505 chorum,
489 2447 609 2511 quod
644 2447 840 2511 prol'ecto
874 2464 963 2491 non
989 2446 1257 2510 potuissent,
1293 2444 1378 2490 nisi
1413 2444 1547 2491 Stesi-

247 2529 396 2574 clioria
430 2528 551 2592 poesi
588 2538 770 2590 utraque
807 2526 954 2573 civitas
986 2526 1212 2572 nobilitata
1246 2525 1409 2572 fuisset.
1498 2526 1547 2570 In

247 2618 431 2670 utraque
480 2618 619 2654 certae
666 2606 881 2671 quaedam
919 2606 1121 2654 videntur
1168 2605 1303 2652 fuisse
1346 2602 1547 2659 familiae,
