1677 3059
690 221 754 230 —
875 192 940 241 64
1063 223 1129 234 -

250 353 371 399 κιος,
401 335 557 397 Ἐρος,
593 335 720 395 παρ,
755 332 810 379 de
843 349 930 395 quo
963 350 999 377 v.
1037 330 1176 398 intpp.
1210 334 1342 400 Greg.
1381 338 1478 386 Cor.
1515 356 1557 403 p.

248 418 386 475 208.‚
421 414 553 479 genit.
589 422 816 459 exeuntem
850 412 898 458 in
935 431 1036 476 οιο,
1068 431 1159 460 11011
1192 412 1239 460 in
1273 433 1311 463 ω
1322 451 1342 481 ,
1377 429 1419 465 et
1447 436 1560 484 quae

247 508 352 546 sunt
384 495 561 543 relicua.

379 573 654 623 Paucissima
685 583 813 631 sunt,
875 592 988 639 quae
1024 572 1079 620 de
1121 572 1294 621 dialecti
1333 575 1558 640 Rhegino-

246 678 346 707 rum
377 656 546 705 ratione
578 653 698 719 apud
728 652 1048 702 Grammaticos
1078 672 1233 720 sparsa
1254 657 1556 723 reperiuntur;

249 758 361 806 quae
404 736 597 784 breviter
633 732 994 799 complectemur,
1049 753 1186 800 quum
1218 752 1310 783 non
1352 737 1559 784 dubitan-

247 822 354 869 dum
379 817 592 874 videatur,
628 815 759 880 quin,
796 813 833 860 si
858 813 1079 878 pleniores
1104 815 1368 864 haberemus
1401 817 1560 865 Gram-

246 901 453 956 maticos,
489 896 673 963 Ibycum
705 913 787 960 pro
823 906 999 942 auctore
1024 896 1158 962 hujus
1189 897 1360 946 illiusve
1392 898 1561 946 formae

247 983 425 1032 citatum
451 977 708 1040 legeremus,
775 975 837 1020 Ut
866 976 1006 1033 enim,
1040 977 1121 1024 ubi
1149 977 1434 1026 Aeolensium
1464 979 1560 1026 dia-

246 1064 358 1112 lecto
404 1057 573 1124 aliquid
606 1054 837 1121 proprium
871 1055 1010 1103 fuisse
1045 1056 1230 1115 dicitur,
1283 1058 1356 1105 alii
1390 1060 1446 1106 ad
1472 1059 1559 1107 ‘Al-

247 1161 400 1194 caeum
430 1137 766 1204 Sapphonemve
802 1147 1070 1201 provocant,
1105 1135 1166 1183 ita
1198 1136 1246 1183 in
1266 1137 1482 1201 Rheginis
1518 1151 1560 1187 et

246 1225 384 1293 Ibyco
414 1218 627 1268 accidisse
660 1216 859 1263 videmus
895 1217 1023 1281 frgm.
1061 1217 1136 1263 IX.
1216 1217 1282 1264 Ex
1309 1216 1562 1284 inscriptio-

247 1305 407 1360 nibus,
471 1316 583 1365 quae
619 1297 739 1363 apud
772 1297 1049 1345 Morisanum
1082 1297 1241 1344 Inscrr.
1276 1298 1433 1362 Regin.
1472 1300 1562 1347 col-

248 1386 383 1434 lectae
418 1390 608 1437 exstaut‚
643 1376 754 1425 nihil
785 1377 1041 1443 proficitur,
1076 1396 1211 1442 quum
1242 1397 1382 1443 paene
1407 1399 1559 1429 omnes

247 1463 535 1514 recentiorem
570 1469 752 1505 aetatem
781 1460 1052 1524 praeferant:
1088 1459 1310 1524 antiquior
1342 1478 1432 1508 una
1457 1480 1557 1527 pag.

249 1548 325 1595 59.
360 1547 387 1592 ὁ
421 1544 565 1599 δᾶμος
596 1542 691 1586 τῶν
724 1543 947 1600 Ῥηγίνων
981 1538 1167 1587 exhibet.
1256 1541 1399 1608 Etym.
1440 1542 1555 1590 Gud.

248 1647 293 1695 p.
314 1626 427 1683 215,
448 1624 524 1670 26.
558 1623 743 1668 ἐτώσιον
767 1618 1034 1667 descendere
1068 1621 1126 1668 ait
1151 1621 1206 1668 ab
1229 1625 1310 1686 ἔω,
1342 1623 1558 1688 ὑπάρχω,

249 1709 347 1758 ἐτὸς
378 1708 404 1755 ὁ
437 1703 625 1760 ἀληθὴς
656 1704 737 1748 καί
767 1702 884 1758 μετα
918 1704 1003 1748 τοῦ
1035 1705 1304 1764 στερητικοῦ
1327 1694 1376 1750 Ῑοῖ
1403 1705 1556 1755 ἀετὸς.

249 1793 281 1850 ἡ
314 1794 475 1836 εὐθεῖα
504 1785 598 1830 τῶν
630 1784 963 1840 πληθυντικῶν
995 1787 1039 1830 οἱ
1065 1788 1224 1847 οέετοί,
1269 1785 1363 1831 τῶν
1391 1789 1557 1851 οὶετοόν,

251 1869 469 1919 οέετώσιος
499 1867 581 1913 καί
598 1869 837 1925 ἀφαιρέσει
860 1864 1055 1915 ἐτώσιος.
1123 1868 1294 1913 Κανών
1326 1869 1415 1929 γάρ
1437 1873 1561 1917 ἐστιν

251 1974 276 2002 0
309 1956 479 2012 λέγων·
525 1949 576 1992 αἱ
607 1946 705 1992 ἀπὸ
739 1946 928 2005 γενικῶν
962 1948 1293 2002 πληθυντικῶν
1324 1949 1558 2009 γενόμεναι

251 2030 534 2094 παραγωγαὶ
567 2027 646 2074 δια
673 2027 757 2072 τοῦ
791 2044 854 2076 ιος
889 2028 1025 2079 διχῶς
1054 2032 1444 2091 σχηματιζονται,
1478 2033 1558 2077 δια

250 2115 335 2163 τοῦ
373 2130 403 2160 σ
436 2112 517 2157 καί
546 2108 630 2154 τοῦ
662 2125 700 2154 ν.
734 2111 815 2154 καί
846 2111 876 2164 ἡ
907 2111 989 2163 μὲν
1024 2111 1117 2157 τῶν
1152 2114 1376 2171 Ῥηγίνων
1409 2111 1558 2157 διαλε-

251 2212 358 2246 κτος
391 2193 470 2240 δια
497 2191 583 2236 τοῦ
609 2207 666 2253 o,
700 2208 729 2247 η
753 2193 802 2235 δὲ
823 2206 914 2236 των
941 2194 1138 2238 Αἰολέων
1166 2193 1245 2238 δια
1264 2192 1349 2237 τοῦ
1378 2209 1428 2238 ν·
1462 2187 1559 2239 οἷον

249 2283 405 2339 ἐλίκη,
439 2278 614 2333 ἑλικης,
650 2275 837 2332 ἑλίκων,
884 2274 1216 2319 Ἑλικώνιον
1250 2271 1557 2332 οὶμφίοἷνα-

250 2375 372 2406 κτα.
447 2352 615 2400 Eadem
649 2351 741 2399 fere
767 2351 909 2416 Etym.
946 2351 1005 2396 M.
1038 2370 1079 2416 p.
1114 2356 1223 2410 387,
1258 2353 1334 2400 49.
1412 2354 1557 2400 Locus

248 2435 429 2484 Homeri
464 2443 529 2480 est
558 2432 604 2479 Il.
641 2434 742 2489 XX,
773 2432 890 2486 4043
936 2431 980 2477 in
1017 2450 1147 2495 quem
1178 2432 1284 2480 haec
1320 2446 1386 2482 est
1418 2452 1555 2482 anno-

248 2518 353 2565 tatio
389 2513 534 2564 Schol.
562 2515 629 2572 B„
666 2512 918 2561 Villoison.:
955 2518 998 2559 οἱ
1026 2518 1195 2565 Αἰολεῖς
1220 2518 1350 2576 παρὰ
1374 2516 1456 2564 τὰς
1484 2533 1555 2574 γε-

248 2600 375 2649 νικας
402 2600 495 2644 τῶν
528 2597 847 2658 πρωτοτύπων
879 2597 1063 2642 ποιοῦσι
1100 2598 1342 2652 κτητικούς
1375 2596 1555 2645 τόπους.
