1677 3059
162 643 234 691 III.
293 641 429 690 Index
465 652 561 689 vett.
598 641 886 707 scriptorum,
923 641 999 706 qui
1030 641 1085 689 ab
1123 640 1291 690 editore
1326 660 1471 690 emen-

592 723 776 781 dantur,
811 723 1046 787 potiorum.

162 882 309 923 Aelian.
336 882 437 922 Hist.
466 883 552 922 Am.
579 885 647 933 Vl,
677 887 740 922 51.
1322 899 1358 935 p.
1387 886 1476 922 198.

160 948 300 988 Aesch.
329 948 462 1002 Agam.
489 950 578 987 460.
1386 953 1476 987 213.

186 1037 242 1045 —
375 1036 430 1044 —
491 1017 580 1054 674.
1389 1016 1478 1053 146.

162 1078 324 1119 Alcaeus
353 1079 488 1133 fragm.
513 1081 653 1117 XXVI.
1387 1083 1477 1118 189.

215 1169 270 1176 —
388 1169 438 1174 —
513 1146 670 1182 XXVII.
1390 1146 1478 1183 140.

213 1232 269 1240 —
385 1235 440 1241 —-
515 1209 653 1249 CXIX.
1386 1213 1477 1248 190.

214 1297 270 1306 —
354 1289 411 1328 ap.
445 1274 640 1314 Choerob.
671 1275 788 1314 Bekk.
818 1290 854 1329 p.
883 1277 999 1316 1340.
1387 1278 1477 1313 190.

161 1339 333 1379 Alcman.
363 1341 496 1395 fragm.
529 1343 572 1379 ll.
1384 1343 1476 1380 224,

163 1405 378 1445 Antimach.
408 1407 542 1460 fragm.
572 1406 690 1459 111.*)
1417 1409 1477 1444 19.

218 1544 252 1589 *)
279 1544 392 1578 Totus
419 1541 476 1575 ille
504 1541 602 1576 locus
639 1541 814 1576 Prisciani
842 1541 1024 1587 quomodo
1061 1539 1212 1587 scriptus
1245 1545 1336 1574 esset
1365 1539 1401 1574 in
1431 1539 1477 1573 li-

274 1598 342 1632 bro
364 1595 686 1638 Halberstadiensi‚
718 1602 842 1643 rogatu
871 1609 952 1629 meo
983 1595 1035 1629 his
1056 1594 1143 1629 mihi
1165 1595 1288 1629 diebus
1310 1594 1476 1629 indicavit

277 1653 498 1686 Theodorus
516 1650 748 1690 Sclmn'dius,
780 1650 1051 1684 candidissimus
1077 1649 1224 1684 amicus.
1280 1648 1386 1684 Unde
1409 1661 1476 1695 po-

272 1706 363 1740 tiora
394 1718 592 1751 excerpam.
650 1704 782 1739 Scribit
806 1704 913 1752 igitur
941 1712 973 1738 et
1000 1705 1096 1751 ipse,
1128 1710 1162 1738 et
1187 1703 1348 1751 plerique
1369 1702 1474 1737 codd.

271 1760 320 1795 ita
340 1759 503 1794 videntur
524 1759 670 1802 habere,
700 1763 875 1808 Υλιχερυς,
904 1759 938 1793 h.
963 1771 992 1793 c.
1023 1760 1179 1801 Υλιξευςς
1209 1765 1285 1793 tum
1316 1758 1385 1792 ita:
1414 1759 1480 1802 qui

416 1827 447 1858 j.

265 1881 339 1914 pro
364 1869 498 1911 plu'lez's
521 1871 653 1913 plejles
676 1882 750 1912 pro
778 1871 939 1914 orpheys
968 1870 1105 1913 orphes
1133 1875 1170 1902 et
1197 1870 1353 1912 orphen.
1412 1867 1475 1902 Si-

270 1942 333 1968 cut
355 1920 633 1968 Atitlu'maclms
662 1937 700 1968 in
730 1935 758 1969 I
781 1935 1012 1974 ΤΙιείι(ιι’τΙιζς.-,
1039 1937 1150 1975 Τυπες
1176 1946 1316 1974 evomes.
1373 1931 1475 1967 Alte-

273 1988 347 2023 rius
375 1994 493 2022 autem
520 1988 648 2035 fragm.
682 1989 968 2023 emendationem
999 1994 1159 2022 nostram
1190 1989 1364 2035 integram
1390 1999 1475 2033 sug-

272 2043 363 2090 gerit
393 2055 509 2085 unus,
552 2043 612 2090 qui
642 2043 790 2077 scribat:
836 2057 894 2079 τον
931 2057 988 2078 και
1017 2055 1074 2078 τον
1103 2056 1267 2089 ‹pon-qous
1301 2055 1476 2089 προςεφης

273 2122 377 2152 οινηιε
404 2108 493 2144 τυδε.
531 2129 586 2135 -
657 2109 838 2143 Similiter
857 2110 991 2154 ybicus
1020 2122 1128 2154 ονομα
1162 2122 1222 2144 και
1257 2121 1315 2143 τον
1348 2120 1472 2156 ορφηι·.

270 2162 423 2196 Librarii
451 2175 535 2196 vero
567 2176 632 2197 cur
659 2176 724 2210 pro
752 2161 983 2210 ὀνομακλυτός
1007 2160 1102 2210 ὅρφη
1130 2162 1382 2197 substituerent
1411 2174 1474 2195 ac-

273 2216 422 2251 cusandi
451 2229 596 2260 casum,
643 2217 732 2252 haec
761 2218 926 2252 exstitisse
964 2229 1088 2251 caussa
1124 2217 1295 2264 primaria
1324 2216 1473 2257 videtur,

273 2278 446 2318 quantum
469 2284 510 2304 ex
534 2271 615 2305 libri
641 2271 787 2307 Helmst.
810 2280 843 2307 et
871 2270 1045 2305 Halberst,
1070 2271 1279 2318 corruptelis
1308 2269 1474 2317 augurari

271 2325 366 2359 licet.
444 2325 536 2358 Nam
570 2339 679 2371 quum
709 2329 983 2363 ONOMAKAT
1003 2325 1113 2359 semel
1148 2326 1186 2360 in
1220 2328 1479 2361 ΟΝΟΜΑΚΑΙ

274 2390 513 2424 deformatum
543 2398 653 2434 esset,
702 2393 860 2440 ineptum
891 2405 947 2431 τος
973 2390 1020 2424 ita
1047 2390 1166 2425 conati
1185 2398 1267 2425 sunt
1289 2389 1474 2436 expellere,

270 2451 310 2478 ut
328 2445 363 2478 in
392 2444 631 2479 accusativum
660 2448 973 2482 transscriberent:
1003 2445 1065 2478 sed
1085 2442 1203 2493 ’Όρφη
1233 2452 1371 2479 mutare
1402 2457 1474 2477 non

270 2506 352 2533 sunt
381 2498 456 2531 ausi
486 2499 668 2534 nonnulli:
703 2501 786 2535 hinc
817 2502 887 2546 jam
917 2498 1080 2532 fraudem
1110 2500 1181 2533 suis
1213 2499 1364 2545 vestigiis
1393 2511 1475 2544 per—

269 2552 379 2586 secuti
407 2552 646 2588 sinceritatem
678 2556 876 2603 scripturae
909 2553 1088 2598 emimus,
1139 2554 1410 2601 comprobatam
1440 2552 1477 2586 in

271 2606 428 2655 Epistola
462 2608 654 2643 Muellcro.
