1677 3059
648 222 712 230 —
823 191 917 239 140
1022 217 1088 225 -—

218 335 351 402 epicis
385 334 432 381 in
465 350 542 380 ore
562 330 682 394 vulgi
707 342 1005 385 versarentur,
1042 327 1161 373 haud
1186 345 1284 374 raro
1315 325 1518 374 mirificas

216 416 389 465 subisse
432 412 693 461 mutationes
736 411 801 457 vel
842 409 1122 477 depravando
1157 408 1223 454 vel
1262 408 1516 456 mutilando.

213 495 464 545 Dcrivanda
496 512 546 541 ex
580 492 665 538 hoc
698 491 818 538 fonte
850 491 984 538 multa
1018 490 1072 537 ab
1108 490 1224 536 Italis
1260 490 1442 536 maxime
1472 490 1519 535 in

215 578 405 626 deterius
442 574 632 630 deflexa,
680 572 810 619 veluti
857 574 1141 619 Catamitum
1181 580 1390 616 vocarunt
1424 571 1518 615 Ga-

215 656 481 722 nymedem,
513 674 550 701 v.
577 654 827 700 Buttmann.
863 652 916 699 de
952 653 1040 699 fab.
1075 650 1263 718 Cydipp.
1300 661 1338 696 et
1365 650 1517 696 Acont.

214 736 399 805 Mythol.
434 737 488 794 II,
521 754 562 800 p.
595 737 694 791 57.;
746 735 792 780 in
825 734 1006 797 genimis
1048 731 1245 778 Etruscis
1289 734 1402 777 Tute
1436 746 1518 794 pro

218 819 394 869 Τυδεύς.
484 817 637 880 Neque
672 826 816 861 tamen
851 813 972 879 apud
1015 814 1135 878 ipsos
1172 812 1366 858 Graecos
1403 810 1520 873 ejus-

213 899 334 946 modi
369 896 700 963 depravationes
733 894 980 952 inauditae,
1018 913 1067 941 ex
1100 892 1267 956 vulgari
1303 908 1519 946 sermone,

213 981 395 1045 opinor,
430 987 654 1041 receptae;
696 974 827 1021 veluti
860 976 935 1040 qui
968 974 1097 1036 vulgo
1126 974 1326 1030 Ἀθόιμοις
1361 972 1520 1018 dicitur

213 1059 395 1106 Ionibus
432 1060 624 1114 Τάμμῃς
663 1057 770 1113 fuit,
829 1075 865 1102 v.
903 1053 1150 1101 Callimach.
1192 1072 1258 1117 ap.
1294 1054 1361 1098 Et.
1399 1050 1516 1098 Gud.

213 1160 255 1205 p.
290 1142 399 1196 522,
433 1139 534 1196 44,
579 1136 724 1185 Schol.
755 1137 864 1182 Ven.
900 1134 947 1181 Il.
983 1134 1061 1191 IX,
1098 1135 1210 1190 193;
1261 1131 1520 1197 Amphiarai

212 1238 373 1267 nomen
406 1219 452 1265 in
481 1219 638 1279 Ἄμφιν
665 1218 938 1264 decurtatum
962 1228 1049 1274 est,
1086 1235 1122 1262 v,
1147 1213 1352 1280 Aeschyl.
1381 1214 1427 1259 in
1449 1212 1515 1258 Et.

212 1302 273 1348 M.
308 1319 350 1366 p.
382 1302 459 1356 93,
496 1301 570 1345 50.
641 1297 894 1362 Similisque
914 1297 1349 1355 μετασχηματισμὸς
1383 1293 1519 1355 origi-

212 1400 312 1429 nem
349 1380 495 1438 dedit,
541 1392 675 1446 puto,
724 1379 841 1426 lusui
873 1379 935 1425 illi
968 1379 1012 1425 in
1050 1378 1217 1443 Odyss.
1252 1378 1328 1424 IX.
1406 1376 1519 1423 Nam

212 1461 296 1508 nisi
333 1461 523 1507 nominis
556 1461 702 1508 herois
732 1459 972 1507 Ithacensis
1005 1458 1101 1506 talis
1125 1459 1342 1524 quaedam
1378 1459 1520 1505 forma

213 1543 468 1599 exstitisset,
504 1561 594 1588 non
625 1542 840 1607 potuisset
866 1542 1083 1587 Homerus
1118 1539 1162 1585 in
1198 1539 1413 1603 ejusmodi
1450 1538 1518 1584 lu-

212 1643 310 1671 sum
339 1622 508 1680 delabi,
546 1623 621 1687 qui
650 1623 695 1669 in
721 1622 895 1668 nomine
924 1614 1055 1671 Οὗτις
1081 1621 1281 1667 cernitur.
1330 1620 1518 1666 Eadem-

212 1722 298 1769 que
332 1703 500 1750 ratione
533 1706 796 1767 Ὀδυσσεὺς,
832 1722 1001 1768 »quem
1030 1705 1143 1749 Οὐδ
1154 1706 1331 1748 [υσσέα
1344 1703 1412 1764 35)
1433 1702 1515 1763 fe-

211 1793 370 1831 cerunt
388 1786 576 1842 Aedes,
610 1785 680 1832 ad
703 1786 970 1847 Uim-emssss)
993 1780 1214 1828 deductus
1235 1791 1347 1838 est‚«
1383 1781 1516 1829 verba

265 1963 334 2010 35)
361 1964 450 2000 Cod.
473 1967 591 2002 Guelf.
622 1980 643 2000 o
663 1968 806 2006 diss-ea,
836 1964 943 1999 Goth.
975 1969 1153 2011 odyssea,
1185 1965 1314 2011 Regius
1345 1963 1517 2001 ’Υὸυσσέα

341 2035 504 2080 conjecit.
561 2037 671 2070 Recte
700 2036 833 2070 editum
863 2048 900 2068 se
930 2034 1057 2077 habet,
1085 2035 1120 2067 in
1151 2047 1221 2080 quo
1252 2049 1292 2069 ov
1319 2024 1515 2068 ess-tueor-

339 2108 480 2148 reptum
508 2102 760 2145 Aeolensium,
791 2101 834 2135 de
863 2114 934 2147 quo
962 2107 1041 2146 post
1068 2106 1146 2133 vett.
1169 2098 1432 2133 Grammaticos
1455 2114 1516 2133 ex-

338 2167 458 2213 posuit
484 2167 640 2202 Boeckh.
670 2179 795 2201 oecon.
825 2165 916 2201 civit.
944 2164 1073 2199 Athen.
1102 2164 1146 2206 Π,
1177 2178 1210 2209 p.
1236 2164 1348 2207 396.,
1382 2165 1514 2199 Buttm.

338 2231 448 2266 Lexil.
479 2232 512 2275 I,
553 2247 586 2279 p.
618 2234 702 2276 32,
740 2232 793 2274 II,
831 2245 865 2278 p.
894 2229 1006 2271 267.,
1048 2228 1106 2275 qui
1135 2228 1236 2275 signo
1263 2228 1287 2265 ἔ
1318 2229 1514 2263 notandum

339 2298 519 2344 proponit.
574 2298 673 2332 Idem
703 2296 836 2331 Alcaeo
865 2308 920 2342 ap.
951 2292 1081 2328 Athen.
1111 2294 1154 2336 X,
1183 2307 1216 2340 p.
1238 2292 1329 2338 430,
1359 2293 1402 2327 Α.
1431 2294 1515 2328 red-

343 2362 392 2396 dit
420 2357 535 2410 ἐραιῷ
562 2377 626 2411 pro
647 2360 780 2410 59⁶⁶¹³<233
811 2360 962 2394 debehat
989 2355 1112 2407 ἑραιτιῖ.

262 2457 330 2501 36)
362 2457 413 2490 Ita
447 2456 634 2503 oportebat
661 2453 766 2488 scribi
797 2466 836 2486 cx
868 2453 1083 2499 optimorum
1115 2449 1400 2494 menbrorum,
1429 2450 1514 2484 Flo-

340 2522 490 2563 rentini,
519 2519 723 2554 Turiecnsis
751 2518 924 2560 aliorum,
957 2531 1021 2565 pro
1050 2515 1186 2563 vulgari
1219 2515 1398 2560 Ugyssem.
1456 2515 1516 2547 ld-

342 2601 409 2635 que
440 2585 493 2621 vel
521 2585 596 2620 sine
631 2585 728 2620 libris
755 2584 887 2619 sactum
916 2583 1097 2631 flagitabat
1124 2581 1270 2615 verbum
1305 2578 1515 2625 Quintiliani
