1677 3059
566 206 629 212 —
739 177 828 221 103
935 205 1000 212 —-

131 321 346 385 scriptura
381 315 660 382 participium
693 331 788 361 esse
824 330 905 378 pro
952 314 1086 361 verbo
1130 315 1277 372 linito,
1332 337 1434 378 τρο..

131 404 249 455 με’ων
278 402 394 462 εἰμι’,
438 404 643 459 τρομέω,
689 393 811 459 quod
847 397 1108 442 conveniens
1144 396 1256 443 foret
1290 398 1434 442 anxie-

130 478 205 525 tati
238 490 391 544 poetae
429 478 484 525 ab
519 480 681 526 Amore
718 474 917 522 lacessiti.
999 476 1112 522 Vide
1148 476 1202 524 de
1235 477 1317 523 hoc
1353 496 1434 523 usu

128 559 348 624 participii
375 560 609 606 Hermann.
632 557 679 604 in
699 558 846 620 Viger.
870 576 911 621 p.
937 559 1056 613 770,
1085 557 1271 604 Goeller.
1295 557 1432 603 Thuc.

128 640 162 696 Ι,
183 641 259 686 25.
328 640 558 687 Praeterea
588 639 718 686 statui
747 648 890 703 potest
922 649 1022 702 post
1063 643 1145 701 ἔβα
1177 638 1434 702 absorptum

129 737 224 767 esse
257 720 440 767 verbum
483 719 679 778 finitum,
723 718 780 766 ad
813 718 934 782 quod
969 719 1248 782 participium
1284 717 1432 781 alliga-

127 811 258 848 retur.
350 799 453 862 Quo
488 811 632 846 tamen
667 799 962 847 confitendum
996 808 1060 844 est
1097 797 1240 860 frangi
1277 818 1431 845 nervos

127 879 326 927 incitatae
370 880 592 927 orationis.
673 880 824 942 Quare
858 879 989 927 nobis
1027 897 1073 925 re
1108 879 1290 926 multum
1325 880 1431 925 deli-

125 957 275 1006 berata
308 962 598 1008 certissimum
633 960 831 1017 videtur,
871 971 912 1007 et
943 964 1012 1024 ἲν,
1050 979 1154 1007 eam
1188 962 1433 1026 profectum

125 1059 148 1086 a
183 1051 312 1105 poeta
346 1060 441 1089 esse
474 1061 555 1089 nec
588 1042 766 1088 vitatum
812 1042 1003 1099 hiatum,
1064 1042 1139 1106 qui
1179 1053 1243 1088 est
1286 1042 1329 1087 in
1367 1059 1428 1086 vv.

125 1127 299 1183 τρομέω
331 1124 385 1170 ἵν.
453 1123 564 1170 Nam
588 1121 718 1187 plane
750 1121 903 1168 eadem
926 1140 996 1169 res
1021 1134 1083 1169 est
1119 1122 1245 1184 srgm.
1266 1123 1361 1179 VH,
1396 1124 1428 1168 1.

126 1207 208 1250 καί
224 1207 275 1250 ta
299 1207 382 1251 καί
399 1208 643 1264 ἑλίχρυσος.
691 1202 951 1266 Cujusmodi
975 1202 1117 1249 hiatus
1144 1203 1188 1249 in
1209 1204 1294 1250 arsi
1324 1222 1427 1250 con-

124 1283 266 1348 spicui
301 1301 352 1331 ex
387 1284 510 1349 epica
542 1283 666 1349 poesi
702 1283 747 1329 in
782 1282 963 1349 lyricam
991 1283 1179 1330 derivati
1223 1302 1312 1329 non
1354 1284 1429 1330 ha-

121 1364 229 1412 bent
265 1364 566 1411 offensionem.
648 1363 739 1411 Sed
768 1362 937 1410 librarii
986 1364 1090 1410 dum
1136 1364 1428 1423 removebant,

121 1446 239 1493 varie
272 1446 533 1511 scripturam
568 1445 798 1509 pristinam
828 1445 1130 1510 inquinabant.
1194 1447 1257 1492 ’'Iv
1286 1457 1426 1492 autem

122 1528 392 1575 accusativus
427 1536 492 1572 est
526 1544 549 1572 a
585 1526 848 1572 nominativo
885 1530 925 1590 ἴ,
961 1528 1128 1589 αὑτός,
1173 1526 1428 1572 Latinorum

120 1611 176 1664 is,
210 1626 275 1664 ea,
310 1605 370 1653 id.
429 1605 714 1653 Accusativus
738 1606 977 1672 respondet
999 1607 1129 1653 veteri
1161 1607 1300 1653 Latin.
1338 1607 1427 1653 for-

121 1705 217 1734 mae
243 1690 324 1743 im,
358 1687 497 1734 nostri
525 1690 583 1734 ῑη.
637 1686 763 1748 Quae
793 1688 934 1734 forma
968 1688 1161 1735 Pindaro
1198 1688 1426 1752 aliquoties

119 1768 306 1825 reddita,
337 1766 566 1832 aliquoties
599 1779 846 1833 praeterea,
880 1780 928 1815 ut
962 1769 1065 1816 viris
1102 1768 1241 1815 doctis
1272 1768 1425 1833 placet,

118 1847 360 1905 reddenda,
394 1849 525 1896 veluti
549 1849 619 1896 Ol.
644 1849 718 1905 ΙΙΙ,
743 1850 818 1895 26.
854 1854 1046 1912 Ἰστρίαν
1074 1853 1115 1896 ἲν
1143 1868 1192 1896 ex
1211 1850 1425 1896 varietati-

119 1929 204 1975 bus
225 1927 336 1975 lectt.
366 1929 478 1976 eruit
502 1928 707 1975 Grashof.
736 1929 782 1975 in
808 1930 951 1977 Diarr.
985 1931 1253 1978 scholastice.
1285 1932 1424 1989 1831,

118 2009 173 2066 ΙῘ,
192 2027 235 2073 p.
253 2009 362 2066 708,
392 2028 527 2074 quum
549 2009 603 2055 ab
630 2010 816 2077 Hesych.
844 2029 876 2058 s.
897 2031 933 2058 v.
960 2015 1030 2076 ἰ’ν,
1058 2015 1231 2076 αὐτὸν,
1261 2014 1423 2070 αὐτή-ν.

118 2090 331 2152 Κύπριοι,
368 2090 631 2157 Cypriorum
663 2092 845 2156 propria
873 2092 1183 2158 perhibeatur,
1219 2093 1256 2139 si
1291 2092 1423 2139 modo

119 2167 239 2233 apud
268 2168 510 2217 Pindarum
534 2169 707 2229 exstitit,
742 2173 829 2237 jam
863 2184 998 2220 aetate
1026 2172 1235 2240 Hesychii
1262 2172 1422 2219 obscu-

117 2259 210 2295 rata
243 2247 376 2296 fuerit
407 2269 585 2298 necesse
621 2263 696 2299 est.
779 2253 866 2300 Cfr.
905 2252 1076 2316 egregie
1112 2252 1166 2300 de
1202 2253 1285 2300 hoc
1321 2272 1422 2317 pro-

117 2329 293 2376 nomine
329 2329 613 2379 disserentem
648 2335 860 2397 Hartung.
894 2335 947 2381 de
984 2352 1091 2380 cass.
1129 2334 1232 2396 ling.
1268 2333 1343 2380 Gr.
1383 2345 1424 2379 et

118 2411 209 2456 Lat.
245 2429 286 2475 p.
323 2410 452 2467 113„
503 2413 578 2475 qui
619 2414 786 2479 primus
822 2415 931 2461 male
969 2415 1023 2461 ab
1071 2414 1165 2461 aliis
1212 2415 1420 2479 permixta

119 2491 224 2538 scite
253 2492 518 2554 segregatim
555 2492 620 2539 cll.
655 2497 781 2541 Voss.
808 2495 954 2562 hymn.
980 2498 1105 2543 Hom.
1138 2496 1230 2542 Cer.
1261 2515 1301 2560 p.
1330 2498 1420 2552 36„

120 2570 196 2636 qui
231 2571 276 2616 in
313 2590 362 2618 eo
397 2571 534 2618 falsus
568 2584 657 2631 est,
695 2576 814 2638 quod
846 2585 936 2639 γιό,
965 2583 1037 2639 γέν
1072 2578 1233 2624 formas
1268 2577 1310 2623 in
1339 2596 1420 2623 usu
