1677 3059
528 229 589 236 —
711 203 772 247 23
897 227 958 235 -

153 344 260 391 οὐδὲ
279 343 370 404 γὰρ
392 344 419 389 o‘
440 342 726 404 προπάροιθε
748 342 901 387 κανών
920 338 1140 399 Αἴγισθος
1161 342 1323 386 ἀοιδόν

217 423 346 480 ὄμμα
364 427 699 479 μελαμπέπλων
717 425 912 482 ἔκφυγεν
935 426 1211 476 Εὐμενίδων.

90 504 182 566 Qui
211 504 381 551 facinus
417 512 807 550 commemorarunt
838 501 1014 558 relicui,
1056 500 1243 547 latrones
1277 517 1382 566 poc-

88 595 176 631 tam
219 583 265 631 in
317 583 488 630 deserto
535 583 631 630 loco
686 581 1050 646 comprehensum
1097 581 1383 628 obtruncasse

87 664 364 712 consentiunt
404 681 503 711 cum
545 663 802 728 Antipatro,
860 661 921 708 uti
970 661 1156 717 Suidas;
1215 662 1382 709 insulae

86 756 262 811 praeter
298 745 578 808 Antipatrum
629 760 757 790 nemo
801 743 1007 789 meminit.
1101 742 1227 804 Quae
1275 742 1383 807 quid

86 824 174 871 sibi
206 824 329 882 velit,
375 842 465 870 non
500 834 564 869 est
609 822 734 869 facile
771 835 999 888 exputare:
1046 840 1135 869 non
1177 823 1290 869 enim
1325 825 1382 870 ita

83 916 271 970 possunt
302 903 435 952 verba
460 903 689 969 explicari,
726 915 773 951 ut
805 914 934 970 poeta
968 903 1190 968 profectus
1225 903 1280 950 ab
1315 904 1383 951 in-

83 984 180 1032 sula
219 979 367 1032 nescio
403 1002 490 1048 qua
531 983 576 1030 in
619 995 779 1030 terram
812 984 1103 1030 continentem
1137 983 1381 1031 trucidatus

82 1066 370 1123 existimetur3
416 1081 517 1110 nam
546 1074 637 1109 tum
670 1065 767 1112 οἱπό
802 1063 886 1109 fuit
920 1063 1166 1110 dicendum.
1246 1066 1380 1113 Prae-

79 1157 198 1194 terea
238 1144 426 1193 insulam
460 1143 578 1190 illam
614 1160 816 1209 expresse
851 1145 1114 1191 nominatam
1159 1157 1380 1212 exspecta-

80 1243 190 1273 mus,
270 1224 420 1287 Quare
464 1243 553 1271 non
590 1242 825 1289 possumus
860 1242 949 1271 non
991 1225 1189 1289 amplecti
1234 1246 1379 1274 emcn-

79 1307 299 1354 dationem
331 1305 527 1352 Jacobsii
561 1309 612 1351 ἔκ
645 1323 756 1351 ποτε
788 1307 894 1362 νηὸς
928 1306 1219 1354 rescribentis.
1285 1310 1379 1356 Ad-

77 1403 302 1435 versamur
333 1396 477 1433 autem
509 1384 835 1449 Peerlkampio,
870 1387 945 1449 qui
964 1387 1009 1432 in
1032 1385 1136 1432 bibl.
1169 1389 1259 1434 crit.
1281 1408 1375 1436 nov.

76 1467 152 1515 IV.
182 1486 225 1533 p.
250 1466 326 1514 49.
363 1465 554 1529 vulgaris
589 1467 831 1531 scripturae
866 1467 1022 1513 vindex
1047 1467 1180 1515 verba
1213 1470 1271 1516 ita
1305 1489 1376 1516 or-

77 1547 273 1614 dinanda
306 1559 474 1595 censet:
517 1565 567 1594 σε
598 1548 798 1609 ἐκβάντα
827 1552 938 1593 ποτὲ
970 1552 1011 1598 ἐς
1044 1549 1180 1606 ἠϊόνα
1213 1553 1375 1614 νήσου,

75 1629 147 1678 cui
187 1628 533 1693 interpretationi
567 1627 804 1674 reluctatur
840 1640 878 1674 et
914 1628 1110 1692 positura
1143 1629 1377 1677 verborum

75 1720 117 1758 et
147 1709 290 1776 ipsius
332 1707 553 1773 Antipatri
583 1725 732 1765 mens,
778 1709 853 1773 qui
888 1707 1029 1755 scelus
1065 1709 1111 1754 in
1144 1728 1249 1773 agro
1291 1711 1377 1757 Co-

71 1789 236 1837 rinthio
273 1801 314 1837 et
342 1788 623 1836 commissum
645 1800 686 1835 et
715 1789 915 1855 punitum
948 1789 1061 1834 facit.
1130 1791 1241 1838 Nam
1267 1790 1376 1838 illud

73 1871 154 1918 etsi
192 1859 283 1917 non
317 1869 478 1917 diserte
516 1868 664 1927 addit,
711 1870 972 1917 sumendum
1009 1881 1073 1917 est
1113 1871 1372 1918 necessario.

73 1950 198 2013 Quid
221 1950 335 1998 enim
359 1950 418 1998 ad
441 1948 716 2008 Corinthios,
763 1952 799 1998 si
826 1951 967 1998 scelus
996 1952 1043 1998 in
1073 1962 1238 1998 remota
1258 1963 1375 1998 terra

71 2043 366 2097 perpetratum
412 2031 526 2079 fuit?
569 2030 791 2095 quomodo
833 2050 985 2078 rumor
1010 2031 1077 2079 'ad
1122 2032 1374 2079 Corinthios

71 2111 216 2158 venit?
257 2129 337 2177 per
369 2123 549 2169 nautas,
588 2112 664 2158 ais.
731 2112 791 2159 At
824 2131 996 2159 omnem
1031 2112 1162 2159 sidem
1191 2111 1373 2170 excedit,

72 2190 322 2237 Corinthios
353 2211 445 2239 rem
475 2192 610 2239 fando
636 2203 857 2257 acceptam
883 2193 1016 2256 longo
1046 2205 1241 2258 tempore
1272 2204 1373 2257 post

71 2270 267 2318 studiose
308 2273 542 2336 aperuisse.
627 2273 796 2320 Eodem
829 2273 1032 2331 vulnere,
1091 2292 1178 2338 quo
1223 2272 1371 2319 Peerl-

71 2351 300 2416 kampiana
330 2351 554 2416 explicatio
586 2353 740 2400 Orellii
763 2354 934 2400 laborat
958 2353 1202 2401 emendatio
1228 2354 1371 2410 νήσου

73 2463 133 2470 --
158 2438 404 2496 ἐρημαίης,
441 2449 508 2497 ap.
539 2434 715 2481 Jacobs.
738 2445 842 2480 nott.
879 2436 986 2483 critt.
1015 2455 1056 2501 p.
1080 2434 1188 2482 413.
1236 2433 1371 2480 Poeta

69 2511 205 2576 igitur
246 2530 297 2560 ex
334 2525 477 2560 mente
519 2514 737 2578 Antipatri
784 2515 840 2562 ad
885 2527 1046 2562 terram
1100 2512 1369 2560 Corinthiam

70 2592 280 2658 appulsus
314 2612 336 2641 a
364 2594 688 2660 praedonibus,
738 2596 901 2660 quibus
945 2592 1173 2644 auxiliatur
1220 2613 1368 2642 servus
