1677 3059
673 223 732 229 -
842 192 940 240 214
1050 222 1116 230 —

237 329 351 383 Tum
389 338 520 397 παρὰ
548 342 671 386 θεοῖς
702 344 744 380 et
777 332 832 380 ab
869 331 1033 379 Ursino
1068 333 1262 398 positum
1295 344 1413 399 patet
1447 352 1548 397 gra-

235 417 422 464 vissimis
455 415 708 480 quibusque
737 414 952 461 munitum
989 432 1084 462 esse
1118 415 1378 462 testimoniis
1410 415 1549 462 libro-

236 514 348 554 rum,
386 497 512 561 cujus
537 495 765 561 explicatio
793 495 991 543 lectionis
1027 506 1092 542 est
1116 499 1217 557 περί
1236 497 1392 559 θεοὺς,
1428 495 1550 561 quod

237 597 262 625 a
295 578 486 624 Kustero
521 576 756 641 probatum
791 589 976 625 metrum
1008 595 1098 623 non
1134 576 1318 640 patitur3
1355 577 1551 640 singula-

235 659 341 705 riter
382 657 541 705 elatum
578 658 626 704 id
662 676 756 705 esse
794 658 982 725 Synesio
1028 658 1236 723 episcopo
1271 658 1434 705 nemini
1469 659 1552 705 mi·-

235 757 333 785 rum
371 737 589 786 acciderit.
657 740 771 787 Illud
804 740 940 802 igitur
974 738 1234 803 adoptemus
1265 757 1288 786 a
1325 739 1552 786 Mehlhor-

235 820 310 867 nio
355 831 470 867 recte
505 820 552 867 in
595 822 692 882 πὰρ
723 821 907 867 sormam
954 819 1219 867 mutilatum:
1280 819 1404 882 cujus
1443 820 1552 866 scri-

235 912 390 966 pturae
425 900 531 948 haee
566 919 690 948 mens
727 913 814 959 est,
865 913 912 947 ut
940 918 1132 964 peccare
1162 900 1298 964 apud
1327 900 1459 958 deos,
1503 903 1554 948 in

237 981 327 1028 diis
361 981 603 1044 significet,
636 1001 725 1028 non
761 991 924 1028 contra
962 980 1095 1035 deos,
1133 980 1255 1044 quod
1282 981 1397 1027 foret
1422 985 1555 1044 παρὰ

235 1064 401 1126 θεοὺς,
440 1064 499 1109 uti
533 1063 873 1128 Xenophontem
900 1059 1058 1121 legisse
1079 1060 1149 1106 vix
1184 1060 1348 1108 efficias
1377 1063 1555 1110 eviden-

237 1155 311 1189 t‘er.
382 1145 483 1190 Non
517 1143 794 1191 incommode
830 1151 1110 1205 comparetur
1143 1142 1242 1187 Ter.
1279 1143 1420 1190 Andr.
1451 1145 1484 1201 I,
1507 1146 1553 1203 4,

237 1224 277 1269 6.
327 1223 381 1269 di
412 1224 520 1271 date
561 1227 640 1272 illl
670 1228 719 1272 in
764 1224 874 1271 allis
903 1224 1064 1287 polias
1100 1223 1334 1286 peccandi
1373 1224 1554 1282 locam,-

236 1303 301 1353 cll.
340 1323 452 1369 quae
487 1307 801 1371 circumspecte
838 1304 1016 1351 disserit
1046 1303 1182 1351 Kritz.
1215 1303 1262 1349 in
1293 1302 1394 1351 Sall.
1430 1304 1552 1352 Catil.

234 1387 312 1443 IX,
335 1390 378 1433 2.
414 1387 681 1434 Bernhardii
715 1386 850 1433 verba
885 1403 966 1451 pro
996 1403 1118 1431 more
1142 1384 1401 1431 obscuriora
1427 1385 1550 1452 Synt.

238 1468 316 1517 Gr.
349 1487 392 1533 p.
432 1470 540 1515 256.
578 1471 653 1520 57.
690 1497 752 1504 —
833 1467 1116 1534 Optimorum
1151 1466 1259 1513 Plat.
1298 1466 1426 1514 codd.
1463 1472 1555 1524 άμ-

231 1553 420 1614 mosum
472 1566 601 1595 nemo
651 1548 718 1595 vel
759 1558 1101 1596 commemoratu
1150 1547 1335 1610 dignum
1383 1547 1553 1607 habuit,

237 1630 367 1678 credo
405 1629 528 1695 quod
552 1641 699 1694 aperte
734 1630 994 1676 mendosum
1030 1628 1262 1674 videretur.
1332 1629 1412 1676 Est
1447 1630 1554 1678 haec

235 1711 409 1758 mollior
446 1711 587 1756 forma
637 1709 802 1775 duplici
837 1709 1049 1776 Hesychii
1085 1710 1297 1756 memoria
1344 1709 1399 1755 ab
1441 1710 1555 1757 obli-

235 1793 362 1839 vione
394 1803 585 1848 asserta,
626 1795 891 1853 οὶμβλακεῖν.
928 1793 1178 1856 ἁμαρτεῖν,
1235 1802 1276 1839 et
1306 1790 1554 1855 ἤμβλοικεν.

234 1875 474 1935 ἠγνόησεν.
542 1870 794 1919 Arc'hiloch.
826 1872 954 1935 srgm.
987 1872 1102 1919 XLI.
1136 1871 1299 1919 Liebel.

331 1953 573 2018 ἤμβλοικον
612 1958 695 2000 καί
726 1969 818 1999 που
852 1961 935 2000 τιν’
972 1953 1113 1999 ἄλλον
1147 1954 1220 2009 ἥδ’
1250 1952 1353 2011 Ἄτη
1367 1956 1439 2018 49)
1487 1973 1554 2001 κι-

1004 2034 1206 2096 χ’ήσοετο,

236 2112 315 2163 ubi
335 2116 433 2182 ipse
462 2114 732 2181 Sylburgius
754 2114 1004 2172 ἤμπλακον
1034 2113 1198 2160 maluit.
1270 2115 1355 2181 Ap.
1381 2116 1556 2183 Archy-

237 2210 324 2245 tam
370 2196 549 2244 Stobaei
598 2215 622 2242 a
660 2195 916 2243 Gaisfordio
951 2196 1239 2242 instauratum
1277 2208 1342 2242 est
1374 2200 1556 2259 οὶμβλοι-

239 2279 459 2341 κίσκοντι,
494 2278 570 2325 cfr.
596 2279 759 2325 Buttm.
787 2277 867 2323 Gr.
894 2276 1023 2341 ampl.
1052 2275 1106 2333 II,
1132 2280 1174 2322 2.
1205 2296 1246 2342 p.
1278 2278 1352 2323 76.
1416 2276 1555 2339 Quid,

239 2356 361 2425 quod
404 2357 574 2405 Daniel.
622 2361 707 2417 VI,
760 2358 804 2405 4.
853 2377 878 2404 a
921 2357 1227 2405 Theodotione
1269 2358 1558 2421 ἀμβλόικημα

239 2440 450 2505 scriptum
483 2440 622 2488 fuisse
667 2440 963 2506 Hieronymus
1009 2449 1163 2486 auctor
1199 2439 1296 2485 est?
1371 2438 1554 2485 Frustra

293 2613 361 2662 49)
390 2616 463 2650 Pro
486 2613 575 2660 ”Am
603 2614 849 2663 reponendum
875 2627 950 2649 esse
981 2611 1049 2659 ἄλη
1079 2620 1229 2648 metrum
1262 2612 1396 2651 indicio
1425 2617 1486 2647 est.
