1677 3059
643 220 707 228 .-
850 190 884 239 8
1019 217 1085 226 .-

213 332 297 378 sibi
333 329 510 395 quidem
544 349 634 378 non
668 331 834 395 liquere
865 328 1090 377 Harlesius
1126 331 1322 397 scripsit,
1365 331 1410 378 in
1430 331 1514 377 Fa-

218 412 321 459 bric.
348 411 452 458 bibl.
476 412 553 458 Gr.
578 413 629 459 Π.
659 431 700 477 p.
732 413 836 458 125.
898 410 989 458 Sed
1019 429 1069 458 ex
1100 411 1246 457 studio
1276 412 1365 469 illo,
1400 410 1516 458 claro

218 493 304 539 {ilio
340 493 502 540 clarum
534 492 670 538 dandi
700 503 925 558 parentem
958 502 1065 558 quot
1098 493 1364 540 manaverint
1398 511 1518 540 erro-

217 591 310 630 res,
367 575 470 621 satis
508 578 795 620 monstratum
830 573 1036 639 exemplis
1072 583 1138 619 est
1159 572 1214 619 ab
1251 573 1370 633 aliis,
1407 592 1518 639 quae

220 654 327 701 nihil
353 656 501 702 attinet
523 653 588 700 vel
612 665 806 719 repetere
830 654 895 701 vel
923 653 1142 702 cumulare
1166 654 1302 701 novis.

349 735 421 782 Ad
452 735 718 782 Messeniam
748 753 886 783 unum
909 753 960 782 ex
989 734 1232 801 majoribus
1265 745 1420 801 poetae
1451 752 1520 782 rc-

222 814 470 879 legavimus.
548 819 609 864 Ut
641 816 827 883 Ibycum
862 833 886 861 a
915 815 1148 863 Messeniis
1179 815 1340 879 Rhegii
1372 833 1523 863 συνοι-

224 906 396 949 κιστοιῖς
419 898 632 961 originem
666 896 842 944 duxisse
871 914 1171 954 censeremus,
1207 897 1314 944 haee
1335 915 1416 944 nos
1442 898 1525 943 im-

223 976 439 1041 pulerunt.
510 978 660 1041 Quum
695 977 811 1024 enim
844 977 1053 1024 Messenii
1090 996 1116 1024 a
1149 979 1377 1044 Spartanis
1412 979 1527 1027 bello

225 1061 360 1106 vexati
394 1060 566 1107 exulare
598 1059 735 1105 eoacti
770 1068 915 1105 essent
942 1088 1004 1095 —
1038 1058 1212 1105 diverso
1245 1070 1386 1106 autem
1420 1072 1530 1108 tem-

226 1159 333 1204 pore
368 1141 612 1187 Messenios
644 1138 865 1201 Rhegium
900 1137 1170 1204 recepit—-,
1205 1148 1246 1185 et
1274 1139 1396 1204 ipsos
1430 1140 1529 1188 illos

228 1222 388 1284 Rhegii
424 1221 601 1268 colonos
639 1231 679 1267 et
708 1219 973 1285 posteriores
1007 1218 1112 1266 odio
1139 1220 1185 1268 in
1209 1220 1419 1267 Messenii
1449 1240 1531 1268 no-

228 1302 357 1349 minis
393 1302 675 1349 exstinctores
719 1300 918 1347 ineitatos
953 1299 1113 1360 fuisse,
1169 1313 1349 1350 naturae
1385 1321 1532 1350 rerum

231 1401 477 1446 congruens
511 1393 587 1429 est.
655 1383 807 1446 Neque
829 1379 1091 1444 deflagrarat
1113 1381 1262 1429 odium
1284 1383 1408 1441 illud,
1445 1404 1534 1450 quo

232 1475 428 1527 tempore
451 1474 553 1529 post
573 1461 850 1510 Leuctricum
881 1461 998 1508 diem
1029 1462 1274 1511 Messenios
1307 1465 1536 1530 Rheginos

236 1555 277 1591 et
311 1544 483 1591 Siculos
522 1555 562 1590 et
603 1543 712 1590 alios
754 1543 801 1590 in
833 1543 967 1591 avitas
1007 1542 1135 1590 sedes
1168 1547 1383 1593 revocavit
1421 1547 1539 1612 Epa-

235 1625 479 1671 minondas.
549 1624 691 1671 Testis
726 1624 968 1671 Pausanias
1007 1634 1072 1671 est
1105 1625 1181 1682 IV,
1211 1627 1290 1684 26,
1313 1626 1355 1673 4.
1404 1626 1540 1691 Cujus

238 1705 461 1752 inveterati
505 1704 595 1751 odii
630 1705 812 1768 vestigia
855 1704 1071 1769 quaedam
1105 1723 1357 1772 comparere
1392 1706 1544 1753 viden-

240 1795 311 1830 tur
347 1784 391 1830 in
425 1784 494 1831 his
527 1785 651 1852 Ibyci
686 1785 897 1850 reliquiis,
965 1787 1165 1851 Namque
1200 1786 1395 1834 fabulam
1428 1787 1546 1834 illam

242 1865 433 1913 Helenae
466 1866 513 1913 in
547 1866 784 1914 vastatione
816 1867 976 1931 Trojae
1013 1886 1038 1914 a
1071 1866 1272 1914 Menelao
1307 1886 1388 1914 suo
1422 1886 1548 1914 recu-

245 1957 420 2010 peratae
455 1965 480 1994 a
511 1946 679 1994 Lesche
704 1947 892 2005 Lesbio,
932 1966 1063 2012 quem
1096 1949 1271 2013 saepius
1297 1959 1550 1995 extenuasse

248 2026 426 2074 virtutes
458 2039 650 2075 veterum
686 2029 869 2075 heroum
904 2026 1137 2075 observare
1171 2028 1293 2085 lieet,
1337 2046 1426 2074 non
1459 2028 1554 2075 sine

251 2125 404 2154 caussa
437 2121 659 2158 mutuatus
698 2109 830 2156 debet
861 2108 1026 2166 videri,
1086 2109 1166 2156 sed
1199 2120 1247 2156 ut
1282 2108 1555 2156 effeminatos

252 2188 406 2235 veteris
441 2189 559 2252 regis
593 2188 927 2239 Lacedaemonii
962 2207 1104 2236 mores
1131 2189 1177 2235 in
1203 2189 1393 2237 dedecus
1417 2192 1558 2254 gentis

257 2281 534 2318 converteret.
597 2273 747 2336 Itaque
780 2270 962 2336 posthac
999 2270 1234 2336 Euripides
1271 2270 1384 2318 fecit.
1439 2269 1560 2318 Alias

259 2370 346 2396 non
392 2353 497 2410 snit,
553 2372 630 2399 cur
666 2351 905 2399 Stesichori
938 2351 1232 2398 narrationem
1268 2351 1564 2416 posthaberet,

263 2431 346 2476 vid.
387 2432 500 2479 infra
537 2434 663 2497 frgm.
701 2434 816 2480 XVI.
905 2431 1073 2479 Eodem
1108 2433 1252 2479 animo
1288 2444 1459 2498 poetam
1494 2450 1568 2478 su-

267 2511 414 2574 spicor
448 2513 717 2579 vituperasse
760 2512 979 2559 lasciviam
1011 2513 1228 2577 virginum
1261 2516 1570 2569 Lacaenarum,

270 2610 380 2654 quas
417 2600 758 2656 φαινομηρίδων
785 2594 1073 2660 appellatione
1097 2595 1369 2652 mulcaverit,
1405 2593 1461 2639 ob
1496 2613 1573 2659 pa-
