1677 3059
563 224 629 232 —
751 196 811 242 63
939 226 998 234 .-

127 339 252 386 nicae
291 334 492 384 nonnihil
526 333 697 382 dialecti
734 332 1011 392 adhaesisse,
1041 336 1149 383 sive
1184 337 1284 402 quia
1318 339 1436 388 Rhe-

126 418 248 482 gium
291 416 456 463 incolas
501 415 656 463 habuit
689 426 730 462 et
761 415 948 463 Doricae
983 428 1025 464 et
1068 418 1242 466 Ionicae
1273 420 1434 486 stirpis.

127 497 268 545 Aliter
301 497 492 545 sensisse
526 496 699 543 videtur
736 495 868 558 Greg.
905 497 1002 543 Cor.
1037 518 1078 563 p.
1109 499 1219 556 371,
1257 500 1333 564 qui
1367 519 1437 548 ce-

127 589 217 625 tera
245 579 460 625 Joannem
495 576 745 625 exscribens
776 576 922 622 omisit
951 577 1146 644 Ibycum.
1219 581 1293 627 Uti
1322 581 1436 629 enim

127 671 234 707 teste
267 660 405 707 Thuc.
441 660 516 715 VI,
554 663 596 709 5.
674 657 877 704 Himerae
914 675 937 703 a
984 657 1349 709 Chalcidensibus
1397 675 1438 711 et

126 740 416 807 Syracusanis
449 739 651 786 conditae
684 738 815 784 mixta
851 737 1061 784 dialectus
1087 740 1194 797 fuit,
1230 742 1289 788 ita
1319 745 1438 791 Rhe-

126 820 230 882 gina
271 839 322 867 ex
368 837 568 868 sermone
615 817 969 865 Chalcidensium
1025 820 1437 888 Messeniorumque

125 901 184 946 ita
218 899 402 948 conflata
437 899 611 946 videtur
642 899 805 956 fuisse,
860 911 908 946 ut
943 900 1048 947 haec
1079 920 1181 967 pars
1218 904 1438 967 praevale-

125 993 202 1029 ret.
283 981 512 1028 Diversam
546 991 690 1026 tamen
737 980 861 1046 Ibyci
899 980 1131 1029 dialectum
1175 983 1312 1030 fuisse
1355 1003 1436 1049 pro

125 1062 372 1110 diversitate
408 1061 673 1118 carminum,
727 1078 816 1106 non
848 1060 946 1107 licet
979 1061 1266 1120 addubitare,
1326 1064 1439 1112 sicut

124 1161 205 1190 nec
240 1141 460 1189 Pindarus
482 1159 561 1188 nec
596 1140 750 1203 tragici
782 1152 936 1205 poetae
960 1142 1134 1190 easdem
1158 1144 1322 1210 ubique
1347 1145 1437 1191 sor-

124 1242 218 1271 mas
253 1233 535 1287 usurparunt.
624 1225 677 1268 V.
715 1239 826 1287 quae
863 1221 1050 1269 diximus
1088 1223 1143 1269 ad
1179 1225 1305 1287 frgm.
1344 1227 1434 1272 XL.

124 1303 256 1350 Unde
290 1303 362 1360 lit,
393 1314 441 1349 ut
475 1304 520 1349 in
555 1300 741 1364 singulis
778 1302 986 1365 ambigua
1021 1322 1090 1350 res
1127 1304 1192 1350 sit.
1261 1306 1351 1351 Nos
1385 1305 1434 1352 li-

124 1384 307 1431 brorum
342 1383 473 1431 fidem
508 1383 712 1446 religiose
748 1401 899 1429 sumus
936 1385 1085 1430 secuti.
1168 1384 1318 1446 Quare
1353 1386 1436 1433 illis

122 1465 382 1531 jubentibus
407 1477 454 1512 ut
487 1467 644 1528 μᾶλα,
680 1469 892 1527 μαλίδες,
928 1467 1099 1527 τᾶμος,
1137 1467 1304 1529 φᾶμις,
1339 1486 1436 1512 στε-

123 1549 287 1610 ροπᾶς,
319 1547 372 1608 οἳ,
405 1545 679 1602 retinuimus,
716 1544 775 1590 ita
798 1544 1086 1591 renuentibus
1113 1544 1268 1591 iisdem
1293 1550 1438 1603 κῆπος

125 1637 168 1674 et
196 1630 416 1689 ἡμετέρας
448 1644 536 1672 non
571 1643 722 1672 sumus
755 1624 850 1671 ausi
882 1624 1096 1671 deserere.
1166 1627 1228 1673 Ita
1261 1638 1300 1674 et
1331 1633 1442 1675 ποτί

122 1706 258 1754 habet
291 1716 332 1754 et
353 1708 498 1769 πρὸς,
532 1708 692 1768 πόρους
725 1715 765 1752 et
790 1707 947 1767 κούρα.
1018 1706 1164 1754 Semel*
1189 1707 1320 1754 habet
1343 1716 1437 1754 θα-

122 1793 354 1852 λέθοισιν,
402 1787 456 1834 de
502 1804 589 1850 qua
632 1785 773 1832 forma
809 1785 898 1848 egit
934 1787 1126 1836 Boeckh.
1173 1800 1279 1836 nott.
1327 1789 1435 1836 eritt.

122 1867 252 1915 Pind.
287 1867 357 1914 Ol.
395 1868 450 1925 II,
483 1875 510 1919 7
549 1885 581 1923 .;
630 1872 778 1930 mea,
809 1866 988 1929 Ὀρφης
1023 1879 1064 1915 et
1101 1875 1265 1920 Τυδέος
1299 1887 1324 1916 a
1356 1888 1437 1915 no-

122 1948 226 1995 min.
262 1951 462 2012 Τυδεύςῑ
521 1950 714 2003 oeneus
749 1965 799 1993 ex
834 1947 1018 1996 dialecto
1055 1949 1304 1997 Siculorum
1343 1951 1436 1998 Do-

123 2029 334 2076 riensium
376 2029 550 2076 videtur
592 2028 839 2093 recepisse;
898 2029 1016 2094 apud
1069 2030 1247 2077 eosdem
1295 2036 1436 2095 ῥέξαι,

125 2114 270 2170 ῥέγμα
305 2109 453 2175 (frgm.
490 2108 693 2172 XLVIII)
732 2110 779 2156 in
815 2110 1132 2157 consuetudine
1167 2110 1305 2158 fuisse
1339 2111 1436 2159 loco

124 2208 217 2237 voc.
252 2192 413 2254 βάψαι,
449 2191 633 2253 βάμμα,
672 2189 743 2237 hic
779 2189 901 2237 locus
934 2191 1060 2237 docet
1079 2191 1204 2238 Phot.
1233 2192 1357 2238 Pors.
1392 2211 1434 2258 p.

123 2270 347 2327 485,16.
395 2274 536 2331 ῥέξαι*
585 2275 805 2335 ποιῆσαι,
849 2274 1034 2333 πρᾶξαι.
1122 2277 1354 2327 Ἀθηναῖοι
1389 2276 1438 2318 δὲ

123 2353 292 2398 θῦσαι.
327 2357 436 2412 παρ’
463 2353 728 2414 Ἐπιχάρμῳ
758 2357 807 2399 δέ
840 2354 1069 2415 βλάψαι.
1137 2350 1434 2398 Emendamus

124 2432 239 2480 enim
275 2431 514 2479 certissime
556 2438 583 2494 β
596 2433 667 2490 ὀιψ
684 2451 755 2479 αι.
843 2433 952 2478 Cum
995 2429 1261 2495 Epicharmo
1307 2430 1435 2478 etiam

123 2513 235 2560 ὤεον
265 2512 399 2560 habet
434 2529 674 2559 commune.
757 2512 981 2559 Interioris
1028 2509 1224 2558 Dorismi
1267 2510 1434 2559 nullum

124 2603 260 2640 exstat
303 2592 555 2655 vestigium:
610 2591 665 2638 ab
703 2593 836 2658 epicis
880 2593 1020 2658 poetis
1065 2589 1252 2655 sumpsit
1300 2597 1435 2653 Θρηΐ-
