1677 3059
713 212 776 221 —
890 185 982 231 126
1090 215 1153 223 -—

749 325 984 386 Fragm.
1041 324 1115 370 XI.

404 410 562 457 Athen.
600 409 719 466 XIII,
755 429 797 475 p.
836 412 943 468 603,
978 412 1031 458 D.

372 491 732 547 Ῥαδαμάνθυος
774 495 858 542 τοῦ
904 497 1084 540 δικαίου
1123 490 1342 555 Ἴβυκος
1389 495 1588 556 ἐραστήν

272 591 386 634 φησι
419 577 634 633 γενέσθαι
676 575 849 621 Τάλων.

402 653 564 716 Agitur
587 654 707 719 apud
734 654 891 707 Athen.
926 670 1135 701 recensus
1155 651 1340 699 heroum
1367 654 1442 718 qui
1463 672 1582 701 amo-

271 735 396 783 ribus
427 734 633 782 masculis
669 735 942 783 indulserint.
1019 736 1081 781 Ut
1115 752 1293 781 censeas
1329 733 1445 781 dicta
1478 732 1584 800 Iby-

272 819 338 866 cia
374 836 469 866 esse
501 815 559 862 ad
581 816 854 863 excusandos
890 834 1060 863 amores
1096 815 1162 863 vel
1183 816 1323 881 ipsius
1349 814 1416 862 vel
1439 814 1581 872 amici,

271 898 393 965 quod
428 896 585 945 suadet
621 896 840 960 adjectum
873 898 956 943 τοῦ
989 903 1192 944 δικαίουε
1237 889 1304 943 ιη’
1328 896 1365 943 is
1402 895 1582 960 quidem

268 978 499 1026 abhorruit
531 995 556 1023 a
588 976 763 1024 lascivia
799 994 1008 1023 amorum.
1078 978 1179 1024 Fuit
1203 989 1346 1024 autem
1368 976 1496 1024 Creta
1523 976 1579 1023 ab

269 1058 586 1124 antiquissimis
622 1056 896 1121 temporibus
931 1056 1058 1103 sedes
1082 1056 1216 1122 hujus
1241 1058 1462 1115 insaniae,
1500 1058 1576 1105 cfr.

268 1139 437 1185 Timaei
463 1138 591 1201 frgm.
618 1137 814 1184 CXXIII.
846 1136 986 1184 Goell.
1022 1139 1075 1185 τὸ
1101 1144 1417 1199 παιδεραστεῖν
1449 1140 1582 1200 παρὰ

266 1222 465 1282 πρώτων
485 1222 683 1281 Κρητῶν
702 1223 759 1268 εἰς
780 1219 888 1268 τοὺς
909 1220 1131 1275 Έλληνας
1154 1220 1381 1280 παρῆλθε.
1440 1219 1581 1284 Apud

267 1319 378 1365 quos
403 1299 646 1365 opprobrio
671 1299 781 1346 adeo
803 1298 886 1345 fuit
905 1317 995 1345 non
1017 1297 1179 1345 habere
1203 1310 1454 1358 amatorem,
1488 1301 1576 1348 Cic.

264 1382 374 1446 Rep.
411 1399 477 1446 ap.
514 1380 632 1427 Serv.
665 1381 711 1426 in
737 1380 859 1443 Virg.
887 1381 998 1428 Aen.
1033 1382 1090 1438 X,
1117 1382 1252 1439 325,
1288 1380 1379 1428 Ecl.
1406 1382 1461 1440 ΙΙ,
1489 1383 1576 1439 51;

264 1460 329 1507 cll.
367 1460 515 1507 Muell.
552 1462 684 1508 Dorr.
717 1462 771 1519 Π,
798 1480 840 1527 p.
867 1464 976 1509 290.
1047 1462 1217 1508 Nomen
1245 1472 1388 1508 autem
1420 1463 1577 1512 Τάλως

264 1540 654 1589 celebratissimum
689 1542 810 1608 apud
843 1543 1098 1600 Cretenses,
1133 1560 1170 1587 v.
1199 1543 1339 1608 Heyn.
1364 1542 1571 1606 Apollod.

259 1642 303 1688 p.
334 1623 436 1681 89,
477 1623 709 1671 Welcker.
747 1624 805 1670 ad
839 1622 1094 1673 Schwenck.
1131 1641 1173 1688 p.
1199 1623 1294 1668 265
1320 1640 1417 1688 sqq.
1501 1622 1572 1669 Ci-

258 1702 450 1750 naethon
483 1708 531 1751 ἐν
563 1713 657 1757 τοῖς
690 1709 814 1753 ἔπεσι
849 1716 957 1752 teste
991 1705 1122 1751 Paus.
1159 1703 1275 1760 VIII,
1310 1703 1389 1761 43,
1424 1706 1467 1750 2.
1506 1705 1571 1751 fe-

258 1795 375 1831 cerat
405 1784 592 1832 Vulcani
616 1785 753 1832 filium
777 1804 872 1833 esse
892 1783 1305 1843 Rhadamanthum,
1342 1783 1438 1831 Tali
1460 1785 1571 1832 Vul-

256 1883 428 1923 canum,
465 1866 622 1914 Talum
647 1867 801 1924 Cretis,
838 1878 886 1913 ut
915 1885 1019 1914 avus
1053 1877 1219 1913 amator
1242 1866 1415 1932 nepotis
1441 1865 1568 1914 {ictus

252 1945 454 1993 videatur
487 1947 638 2013 Ibyco.
727 1947 950 2010 Quoniam
987 1959 1129 1996 autem
1165 1945 1297 1993 Talos
1332 1965 1422 1993 non
1459 1947 1568 1995 deli-

252 2026 344 2073 ciae
375 2027 458 2074 fuit
482 2029 562 2075 sed
597 2039 780 2086 amator,
817 2047 907 2076 non
939 2029 1055 2076 cadit
1085 2029 1132 2074 in
1158 2027 1206 2075 id
1235 2045 1411 2085 nomen,
1446 2028 1569 2093 quod

250 2106 426 2173 scripsit
469 2109 701 2157 VVelcker.
740 2109 908 2174 Syllog.
944 2110 1095 2175 Epigr.
1135 2129 1177 2175 p.
1218 2109 1324 2155 110.
1379 2107 1568 2167 »Ἄνθης

251 2190 322 2252 (ut
353 2188 458 2236 alias
489 2190 689 2255 Ἄνθευς,
718 2190 875 2241 Ἄνθος
906 2201 945 2236 et
973 2208 1084 2254 quae
1119 2201 1222 2237 sunt
1254 2189 1417 2253 sinim.)
1444 2189 1566 2254 apud

247 2270 435 2335 Ibycum
458 2270 785 2318 Rhadamanthi
813 2270 1005 2317 deliciae.
1022 2292 1044 2312 «
1112 2270 1202 2332 Qui
1228 2288 1351 2317 error
1380 2271 1420 2318 ei
1445 2289 1563 2318 com-

245 2352 390 2398 munis
425 2363 489 2398 est
523 2372 620 2400 cum
655 2352 830 2418 Heynio
866 2362 995 2416 atque
1032 2351 1139 2398 aliis.
1160 2355 1229 2416 30)

299 2523 367 2569 30)
399 2524 508 2569 Quod
537 2524 695 2571 Heynius
723 2523 745 2556 l.
778 2535 808 2557 c.
835 2522 992 2557 subulam
1030 2521 1147 2558 Τάλων
1173 2522 1362 2570 Sophoclis
1392 2522 1557 2557 exstitisse

371 2592 498 2634 refert,
536 2591 571 2625 in
603 2604 672 2638 qua
705 2595 820 2623 actum
858 2589 902 2623 sit
930 2589 973 2623 de
1002 2587 1094 2622 Talo
1126 2588 1301 2636 Gigante,
1340 2588 1399 2635 qui
1439 2588 1558 2634 Argo-
