1677 3059
577 235 641 242 ....
762 208 821 253 79
947 234 1011 242 ,-

143 350 333 398 nominis
378 346 548 414 proprii
583 345 900 410 ignorationem
945 344 1027 391 hos
1065 362 1234 393 errores
1268 364 1445 412 procre-

148 448 258 478 asse.
337 430 491 495 Neque
526 427 652 476 facile
688 438 753 475 est
785 426 930 484 dictu,
978 427 1103 492 cujus
1129 425 1276 492 potius
1313 446 1444 493 quam

141 522 296 577 poetae
320 511 511 575 Rhegini
537 509 668 557 latere
701 526 860 556 nomen
896 508 1046 572 possit.
1116 508 1203 556 Per
1235 507 1445 574 plurimas

142 593 311 657 species
346 592 537 639 secuisse
570 608 721 638 versus
764 588 924 636 dicitur
954 589 1143 656 IbycuS‚
1191 591 1294 656 quia
1333 603 1446 638 stro-

141 672 256 738 phae
286 673 443 720 mixtae
479 683 601 719 erant
636 689 687 719 ex
721 670 902 718 diversis
947 671 1164 735 variisque
1200 673 1347 720 metris
1381 673 1447 720 vel

143 752 461 800 concisioribus
506 752 572 799 vel
617 751 905 814 longioribus.
997 751 1133 814 Quod
1175 771 1305 817 quam
1349 773 1447 801 vere

143 833 419 880 observatum
454 832 510 879 sit
543 844 585 880 et
606 833 849 900 Dionysius
875 843 1144 895 argumento⁴
1168 844 1231 880 est
1264 845 1305 880 et
1337 854 1446 900 pau-

143 912 265 960 culae
299 913 382 961 hae
420 932 531 978 quae
567 925 803 979 supersunt
837 913 1059 979 reliquiae.
1138 915 1290 977 Longe
1325 916 1450 965 aliter

142 1002 281 1041 totum
316 994 434 1043 hunc
468 995 612 1042 locum
646 996 968 1043 constituerunt
1002 1006 1043 1042 et
1086 994 1156 1042 alii
1192 995 1271 1042 viri
1316 996 1448 1055 docti,

142 1085 191 1121 ut
219 1075 435 1141 Leopard.
469 1076 630 1122 Emdtt.
665 1077 740 1134 III,
776 1078 876 1134 16.,
925 1087 966 1123 ct
997 1077 1232 1123 Hermann.
1265 1077 1311 1123 in
1347 1079 1447 1144 epit.

144 1154 281 1202 doctr.
312 1167 435 1204 metr.
471 1176 513 1223 p.
548 1159 669 1215 229,
707 1158 831 1222 cujus
867 1157 1077 1204 correctio
1109 1157 1174 1205 vel
1207 1158 1308 1205 idco
1343 1179 1448 1226 pro-

143 1233 241 1282 bari
269 1237 434 1302 nequit,
473 1239 576 1303 quia
606 1256 767 1285 nomen
798 1239 1042 1306 proprium,
1078 1239 1200 1305 quod
1224 1239 1343 1289 haud
1366 1243 1448 1290 du-

144 1315 217 1364 bie
245 1316 391 1377 latuit‚
429 1319 690 1366 obscuravit.

277 1399 479 1447 Carmina
514 1401 721 1447 amatoria
748 1399 911 1464 quibus
934 1401 1078 1448 modis
1102 1403 1331 1468 compositi
1355 1404 1449 1450 fuc-

144 1479 256 1539 rint‚
293 1499 501 1545 quaerere
524 1480 673 1528 distuli
708 1500 788 1528 nec
818 1482 929 1528 scire
964 1482 1030 1529 fas
1066 1495 1130 1530 est
1155 1484 1320 1530 omnia:
1358 1484 1449 1530 Do-

143 1561 279 1608 ricam
321 1561 554 1608 melodiam
599 1561 806 1609 habuisse
851 1564 1042 1609 carmina
1080 1563 1448 1630 heroico-lyrica

144 1641 338 1709 rhythmi
384 1654 584 1706 arguunt.
664 1641 930 1709 Quanquam
975 1663 1056 1692 nee
1101 1645 1321 1712 Phrygios
1345 1664 1450 1701 ‚mo-

147 1722 229 1771 dos
253 1722 461 1783 defuisse,
498 1724 684 1771 Orestea
710 1723 859 1771 docuit
885 1723 1137 1773 Stesichori.
1205 1727 1324 1774 Haec
1347 1725 1449 1774 hac-

145 1814 285 1851 tenus.

277 1884 510 1949 Sequitur,
545 1895 593 1931 ut
626 1884 680 1931 de
712 1885 878 1932 ratione
904 1904 990 1950 qua
1020 1887 1066 1933 in
1092 1884 1345 1949 digerendis
1379 1906 1448 1934 rc-

146 1964 293 2030 liquiis
319 1964 444 2031 Ibyci
477 1965 546 2011 usi
581 1982 756 2021 sumus,
790 1965 923 2012 verba
945 1966 1144 2014 facienda
1178 1967 1278 2014 sint.
1347 1966 1448 2030 Qua

146 2045 194 2092 in
227 2063 381 2094 caussa
414 2046 473 2092 ita
505 2046 662 2092 versati
694 2063 860 2103 sumuS,
895 2058 956 2104 ut,
994 2066 1130 2112 quum
1152 2047 1262 2094 ordo
1290 2047 1448 2095 Gram-

147 2126 402 2173 maticorum
441 2144 532 2173 non
565 2136 715 2191 posset
755 2126 949 2184 restitui,
996 2140 1251 2190 argumenta
1293 2129 1449 2176 carmi-

146 2225 255 2254 num
289 2206 422 2254 duces
454 2225 750 2272 sequeremur.
817 2207 848 2253 I.
885 2208 1033 2254 Primo
1068 2208 1204 2271 igitur
1236 2209 1332 2258 loco
1368 2228 1448 2276 po-

148 2287 316 2334 suimus
344 2286 516 2349 frgmm.
539 2290 802 2334 carminum
821 2291 1175 2336 amatoriorum.
1245 2290 1446 2353 Quorum

146 2367 230 2415 tria
263 2367 412 2433 priora
453 2377 650 2431 spectant
693 2369 751 2415 ad
785 2387 889 2416 suos
923 2370 1062 2435 ipsius
1098 2389 1268 2418 amores
1304 2371 1447 2418 decla-

146 2449 332 2496 randos:
389 2457 591 2511 quartum
622 2459 687 2494 est
720 2467 770 2496 ex
813 2468 973 2512 genere
1006 2452 1163 2509 ὕμνων
1203 2454 1446 2516 παιδικῶν,

144 2527 351 2595 Bacchyl.
392 2527 519 2590 frgm.
562 2528 721 2575 Paean.
755 2530 853 2587 XII,
893 2532 993 2591 12,
1039 2539 1286 2596 παιδείων,
1335 2551 1446 2597 quae

141 2608 189 2656 in
218 2607 429 2675 pulchros
462 2608 642 2672 juvenes
673 2609 870 2658 confecta
893 2611 1095 2673 fuerunt,
1129 2632 1167 2660 v.
1190 2615 1363 2663 Dissen.
1391 2612 1448 2660 ad
