<?xml version="1.0" encoding="UTF-8"?>
<!DOCTYPE html PUBLIC "-//W3C//DTD XHTML 1.0 Transitional//EN"
    "http://www.w3.org/TR/xhtml1/DTD/xhtml1-transitional.dtd">
<html xmlns="http://www.w3.org/1999/xhtml" xml:lang="en" lang="en">
 <head>
  <title>
</title>
<meta http-equiv="Content-Type" content="text/html;charset=utf-8" />
  <meta name='ocr-system' content='tesseract 3.04.00' />
  <meta name='ocr-capabilities' content='ocr_page ocr_carea ocr_par ocr_line ocrx_word'/>
</head>
<body>
  <div class='ocr_page' id='page_1' title='image "./ibycirheginicarm00schnuoft_0052.png"; bbox 0 0 1677 3059; ppageno 0'>
   <div class='ocr_carea' id='block_1_1' title="bbox 676 199 1112 242">
    <p class='ocr_par' dir='ltr' id='par_1_1' title="bbox 676 199 1112 242">
     <span class='ocr_line' id='line_1_1' title="bbox 676 199 1112 242; baseline -0.005 -9"><span class='ocrx_word' id='word_1_1' title='bbox 676 224 740 233; x_wconf 75' lang='grc'>..-</span> <span class='ocrx_word' id='word_1_2' title='bbox 862 199 925 242; x_wconf 81' lang='lat'>22</span> <span class='ocrx_word' id='word_1_3' title='bbox 1047 222 1112 231; x_wconf 83' lang='grc'>..-</span> 
     </span>
    </p>
   </div>
   <div class='ocr_carea' id='block_1_2' title="bbox 247 334 1563 2654">
    <p class='ocr_par' dir='ltr' id='par_1_2' title="bbox 247 334 1563 2654">
     <span class='ocr_line' id='line_1_2' title="bbox 248 334 1545 402; baseline 0.002 -22"><span class='ocrx_word' id='word_1_4' title='bbox 248 335 332 399; x_wconf 85' lang='lat' dir='ltr'>jam</span> <span class='ocrx_word' id='word_1_5' title='bbox 376 335 585 381; x_wconf 86' lang='lat' dir='ltr'>Morisan.</span> <span class='ocrx_word' id='word_1_6' title='bbox 631 336 784 382; x_wconf 84' lang='lat' dir='ltr'>inserr.</span> <span class='ocrx_word' id='word_1_7' title='bbox 831 334 988 397; x_wconf 84' lang='lat' dir='ltr'>Regin.</span> <span class='ocrx_word' id='word_1_8' title='bbox 1041 352 1141 400; x_wconf 85' lang='lat' dir='ltr'>pag.</span> <span class='ocrx_word' id='word_1_9' title='bbox 1167 334 1242 384; x_wconf 83' lang='lat'>88.</span> <span class='ocrx_word' id='word_1_10' title='bbox 1275 336 1545 402; x_wconf 82' lang='lat' dir='ltr'>vituperavit,</span> 
     </span>
     <span class='ocr_line' id='line_1_3' title="bbox 247 414 1547 481; baseline 0.003 -20"><span class='ocrx_word' id='word_1_11' title='bbox 247 414 487 481; x_wconf 81' lang='lat' dir='ltr'>paullulum</span> <span class='ocrx_word' id='word_1_12' title='bbox 512 414 774 481; x_wconf 83' lang='lat' dir='ltr'>prudentior</span> <span class='ocrx_word' id='word_1_13' title='bbox 795 415 903 480; x_wconf 88' lang='lat' dir='ltr'>ipse.</span> <span class='ocrx_word' id='word_1_14' title='bbox 963 414 1185 462; x_wconf 81' lang='lat' dir='ltr'><strong>Constant.</strong></span> <span class='ocrx_word' id='word_1_15' title='bbox 1220 428 1362 465; x_wconf 81' lang='lat' dir='ltr'>autem</span> <span class='ocrx_word' id='word_1_16' title='bbox 1386 419 1547 465; x_wconf 83' lang='lat' dir='ltr'>Lasca-</span> 
     </span>
     <span class='ocr_line' id='line_1_4' title="bbox 248 493 1547 562; baseline 0.002 -20"><span class='ocrx_word' id='word_1_17' title='bbox 248 496 308 542; x_wconf 87' lang='lat' dir='ltr'>ris</span> <span class='ocrx_word' id='word_1_18' title='bbox 352 514 418 561; x_wconf 85' lang='lat' dir='ltr'>ap.</span> <span class='ocrx_word' id='word_1_19' title='bbox 460 493 702 559; x_wconf 84' lang='lat' dir='ltr'>Maurolyc.</span> <span class='ocrx_word' id='word_1_20' title='bbox 738 494 836 542; x_wconf 84' lang='lat' dir='ltr'>hist.</span> <span class='ocrx_word' id='word_1_21' title='bbox 874 495 959 543; x_wconf 87' lang='lat' dir='ltr'>Sic.</span> <span class='ocrx_word' id='word_1_22' title='bbox 994 515 1036 562; x_wconf 92' lang='lat' dir='ltr'>p.</span> <span class='ocrx_word' id='word_1_23' title='bbox 1076 496 1138 544; x_wconf 83' lang='grc'>18</span> <span class='ocrx_word' id='word_1_24' title='bbox 1171 514 1235 561; x_wconf 90' lang='lat' dir='ltr'>sq.</span> <span class='ocrx_word' id='word_1_25' title='bbox 1315 499 1547 545; x_wconf 82' lang='lat' dir='ltr'>Messanae</span> 
     </span>
     <span class='ocr_line' id='line_1_5' title="bbox 248 574 1549 641; baseline 0.001 -19"><span class='ocrx_word' id='word_1_26' title='bbox 248 587 396 622; x_wconf 86' lang='lat' dir='ltr'>natum</span> <span class='ocrx_word' id='word_1_27' title='bbox 430 574 554 637; x_wconf 81' lang='lat' dir='ltr'>fingit</span> <span class='ocrx_word' id='word_1_28' title='bbox 585 576 789 638; x_wconf 83' lang='lat' dir='ltr'>Rhegino</span> <span class='ocrx_word' id='word_1_29' title='bbox 826 593 876 622; x_wconf 89' lang='lat' dir='ltr'>ex</span> <span class='ocrx_word' id='word_1_30' title='bbox 910 586 1045 641; x_wconf 84' lang='lat' dir='ltr'>patre.</span> <span class='ocrx_word' id='word_1_31' title='bbox 1114 575 1260 638; x_wconf 85' lang='lat' dir='ltr'>Quem</span> <span class='ocrx_word' id='word_1_32' title='bbox 1289 576 1348 623; x_wconf 83' lang='lat' dir='ltr'>ita</span> <span class='ocrx_word' id='word_1_33' title='bbox 1381 589 1429 623; x_wconf 87' lang='lat' dir='ltr'>ut</span> <span class='ocrx_word' id='word_1_34' title='bbox 1461 589 1549 624; x_wconf 84' lang='lat' dir='ltr'>tra-</span> 
     </span>
     <span class='ocr_line' id='line_1_6' title="bbox 249 654 1549 722; baseline 0 -18"><span class='ocrx_word' id='word_1_35' title='bbox 249 657 371 704; x_wconf 86' lang='lat' dir='ltr'>deret</span> <span class='ocrx_word' id='word_1_36' title='bbox 405 654 631 702; x_wconf 84' lang='lat' dir='ltr'>seduxisse</span> <span class='ocrx_word' id='word_1_37' title='bbox 667 656 828 703; x_wconf 85' lang='lat' dir='ltr'>Suidas</span> <span class='ocrx_word' id='word_1_38' title='bbox 860 655 1056 714; x_wconf 84' lang='lat' dir='ltr'>videtur,</span> <span class='ocrx_word' id='word_1_39' title='bbox 1112 657 1188 721; x_wconf 88' lang='lat' dir='ltr'>qui</span> <span class='ocrx_word' id='word_1_40' title='bbox 1224 656 1408 722; x_wconf 84' lang='lat' dir='ltr'>Ibycum</span> <span class='ocrx_word' id='word_1_41' title='bbox 1437 663 1549 718; x_wconf 80' lang='grc' dir='ltr'><em>γένει</em></span> 
     </span>
     <span class='ocr_line' id='line_1_7' title="bbox 249 735 1550 803; baseline -0.002 -18"><span class='ocrx_word' id='word_1_42' title='bbox 249 742 458 799; x_wconf 79' lang='grc' dir='ltr'><em>Ῥηγῖνον</em></span> <span class='ocrx_word' id='word_1_43' title='bbox 487 735 623 783; x_wconf 80' lang='lat' dir='ltr'>fuisse</span> <span class='ocrx_word' id='word_1_44' title='bbox 658 736 833 783; x_wconf 84' lang='lat' dir='ltr'>scribat.</span> <span class='ocrx_word' id='word_1_45' title='bbox 901 737 961 784; x_wconf 87' lang='lat' dir='ltr'>At</span> <span class='ocrx_word' id='word_1_46' title='bbox 994 736 1112 784; x_wconf 89' lang='lat' dir='ltr'>hunc</span> <span class='ocrx_word' id='word_1_47' title='bbox 1143 748 1341 803; x_wconf 81' lang='lat' dir='ltr'>apertum</span> <span class='ocrx_word' id='word_1_48' title='bbox 1377 747 1442 782; x_wconf 86' lang='lat' dir='ltr'>est</span> <span class='ocrx_word' id='word_1_49' title='bbox 1475 754 1550 783; x_wconf 85' lang='lat' dir='ltr'>vo-</span> 
     </span>
     <span class='ocr_line' id='line_1_8' title="bbox 249 816 1551 883; baseline 0 -19"><span class='ocrx_word' id='word_1_50' title='bbox 249 818 382 864; x_wconf 89' lang='lat' dir='ltr'>luisse</span> <span class='ocrx_word' id='word_1_51' title='bbox 425 816 534 864; x_wconf 79' lang='lat' dir='ltr'>nihil</span> <span class='ocrx_word' id='word_1_52' title='bbox 580 817 726 874; x_wconf 85' lang='lat' dir='ltr'>aliud,</span> <span class='ocrx_word' id='word_1_53' title='bbox 773 818 859 864; x_wconf 86' lang='lat' dir='ltr'>nisi</span> <span class='ocrx_word' id='word_1_54' title='bbox 903 817 1090 883; x_wconf 80' lang='lat' dir='ltr'>patriam</span> <span class='ocrx_word' id='word_1_55' title='bbox 1134 816 1344 864; x_wconf 84' lang='lat' dir='ltr'>habuisse</span> <span class='ocrx_word' id='word_1_56' title='bbox 1378 828 1551 882; x_wconf 82' lang='lat' dir='ltr'>poetam</span> 
     </span>
     <span class='ocr_line' id='line_1_9' title="bbox 249 887 1563 961; baseline 0 -16"><span class='ocrx_word' id='word_1_57' title='bbox 249 898 494 961; x_wconf 78' lang='lat' dir='ltr'>Rhegium,</span> <span class='ocrx_word' id='word_1_58' title='bbox 535 897 679 945; x_wconf 87' lang='lat' dir='ltr'>abisse</span> <span class='ocrx_word' id='word_1_59' title='bbox 707 910 849 945; x_wconf 84' lang='lat' dir='ltr'>autem</span> <span class='ocrx_word' id='word_1_60' title='bbox 883 897 1074 944; x_wconf 86' lang='lat' dir='ltr'>Samum.</span> <span class='ocrx_word' id='word_1_61' title='bbox 1143 896 1244 945; x_wconf 83' lang='lat' dir='ltr'>Alia</span> <span class='ocrx_word' id='word_1_62' title='bbox 1278 896 1442 944; x_wconf 86' lang='lat' dir='ltr'>chorda</span> <span class='ocrx_word' id='word_1_63' title='bbox 1469 887 1563 945; x_wconf 38' lang='lat' dir='ltr'>obss</span> 
     </span>
     <span class='ocr_line' id='line_1_10' title="bbox 251 977 1550 1044; baseline 0.001 -19"><span class='ocrx_word' id='word_1_64' title='bbox 251 979 409 1025; x_wconf 84' lang='lat' dir='ltr'>erravit</span> <span class='ocrx_word' id='word_1_65' title='bbox 452 980 579 1024; x_wconf 83' lang='lat' dir='ltr'>Voss.</span> <span class='ocrx_word' id='word_1_66' title='bbox 624 978 678 1025; x_wconf 86' lang='lat' dir='ltr'>de</span> <span class='ocrx_word' id='word_1_67' title='bbox 712 990 844 1044; x_wconf 77' lang='lat' dir='ltr'>poett.</span> <span class='ocrx_word' id='word_1_68' title='bbox 885 979 961 1026; x_wconf 88' lang='lat' dir='ltr'>Gr.</span> <span class='ocrx_word' id='word_1_69' title='bbox 997 997 1040 1044; x_wconf 91' lang='lat' dir='ltr'>p.</span> <span class='ocrx_word' id='word_1_70' title='bbox 1071 979 1174 1036; x_wconf 84' lang='lat'>91.‚</span> <span class='ocrx_word' id='word_1_71' title='bbox 1229 977 1285 1024; x_wconf 89' lang='lat' dir='ltr'>de</span> <span class='ocrx_word' id='word_1_72' title='bbox 1328 977 1426 1031; x_wconf 64' lang='lat' dir='ltr'>hist„</span> <span class='ocrx_word' id='word_1_73' title='bbox 1474 980 1550 1026; x_wconf 87' lang='lat' dir='ltr'>Gr.</span> 
     </span>
     <span class='ocr_line' id='line_1_11' title="bbox 250 1058 1554 1124; baseline 0.001 -19"><span class='ocrx_word' id='word_1_74' title='bbox 250 1060 325 1115; x_wconf 76' lang='lat' dir='ltr'>IV,</span> <span class='ocrx_word' id='word_1_75' title='bbox 367 1060 408 1116; x_wconf 84' lang='lat'>1⁷</span> <span class='ocrx_word' id='word_1_76' title='bbox 442 1077 486 1123; x_wconf 82' lang='lat' dir='ltr'>p.</span> <span class='ocrx_word' id='word_1_77' title='bbox 520 1058 656 1117; x_wconf 67' lang='lat'>432,</span> <span class='ocrx_word' id='word_1_78' title='bbox 707 1060 782 1124; x_wconf 89' lang='lat' dir='ltr'>qui</span> <span class='ocrx_word' id='word_1_79' title='bbox 816 1058 902 1105; x_wconf 80' lang='lat' dir='ltr'>hoc</span> <span class='ocrx_word' id='word_1_80' title='bbox 937 1058 1166 1105; x_wconf 84' lang='lat' dir='ltr'>extorserit</span> <span class='ocrx_word' id='word_1_81' title='bbox 1197 1066 1247 1104; x_wconf 82' lang='lat' dir='ltr'>ex</span> <span class='ocrx_word' id='word_1_82' title='bbox 1274 1058 1419 1105; x_wconf 81' lang='lat' dir='ltr'>verbis</span> <span class='ocrx_word' id='word_1_83' title='bbox 1451 1059 1554 1106; x_wconf 86' lang='lat' dir='ltr'>Sui-</span> 
     </span>
     <span class='ocr_line' id='line_1_12' title="bbox 252 1138 1555 1204; baseline 0.002 -20"><span class='ocrx_word' id='word_1_84' title='bbox 252 1138 358 1195; x_wconf 82' lang='lat' dir='ltr'>dae,</span> <span class='ocrx_word' id='word_1_85' title='bbox 404 1149 572 1202; x_wconf 79' lang='lat' dir='ltr'>patrem</span> <span class='ocrx_word' id='word_1_86' title='bbox 618 1139 794 1204; x_wconf 87' lang='lat' dir='ltr'>quidem</span> <span class='ocrx_word' id='word_1_87' title='bbox 838 1139 1168 1186; x_wconf 84' lang='lat' dir='ltr'>Messanensem</span> <span class='ocrx_word' id='word_1_88' title='bbox 1208 1138 1371 1196; x_wconf 77' lang='lat' dir='ltr'>fuisse,</span> <span class='ocrx_word' id='word_1_89' title='bbox 1416 1138 1555 1187; x_wconf 85' lang='lat' dir='ltr'>filium</span> 
     </span>
     <span class='ocr_line' id='line_1_13' title="bbox 252 1217 1557 1284; baseline 0.001 -19"><span class='ocrx_word' id='word_1_90' title='bbox 252 1231 401 1266; x_wconf 77' lang='lat' dir='ltr'>natum</span> <span class='ocrx_word' id='word_1_91' title='bbox 440 1219 613 1281; x_wconf 80' lang='lat' dir='ltr'>Rhegii.</span> <span class='ocrx_word' id='word_1_92' title='bbox 694 1218 830 1282; x_wconf 85' lang='lat' dir='ltr'>Quod</span> <span class='ocrx_word' id='word_1_93' title='bbox 865 1218 1044 1284; x_wconf 88' lang='lat' dir='ltr'>quidem</span> <span class='ocrx_word' id='word_1_94' title='bbox 1087 1217 1557 1283; x_wconf 75' lang='lat' dir='ltr'>Harlesio&#39;probatum</span> 
     </span>
     <span class='ocr_line' id='line_1_14' title="bbox 255 1287 1555 1365; baseline 0.001 -20"><span class='ocrx_word' id='word_1_95' title='bbox 255 1319 341 1346; x_wconf 89' lang='lat' dir='ltr'>non</span> <span class='ocrx_word' id='word_1_96' title='bbox 375 1318 504 1365; x_wconf 80' lang='lat' dir='ltr'>posse</span> <span class='ocrx_word' id='word_1_97' title='bbox 537 1318 684 1345; x_wconf 79' lang='lat' dir='ltr'>verum</span> <span class='ocrx_word' id='word_1_98' title='bbox 720 1317 839 1359; x_wconf 84' lang='lat' dir='ltr'>esse,</span> <span class='ocrx_word' id='word_1_99' title='bbox 874 1298 1121 1347; x_wconf 83' lang='lat' dir='ltr'>necessaria</span> <span class='ocrx_word' id='word_1_100' title='bbox 1150 1287 1457 1346; x_wconf 53' lang='lat' dir='ltr'>consecutione</span> <span class='ocrx_word' id='word_1_101' title='bbox 1491 1299 1555 1346; x_wconf 88' lang='lat' dir='ltr'>ef-</span> 
     </span>
     <span class='ocr_line' id='line_1_15' title="bbox 252 1378 1340 1446; baseline 0.001 -21"><span class='ocrx_word' id='word_1_102' title='bbox 252 1378 395 1426; x_wconf 88' lang='lat' dir='ltr'>ficitur</span> <span class='ocrx_word' id='word_1_103' title='bbox 429 1397 480 1426; x_wconf 83' lang='lat' dir='ltr'>ex</span> <span class='ocrx_word' id='word_1_104' title='bbox 508 1380 587 1436; x_wconf 79' lang='lat' dir='ltr'>iis,</span> <span class='ocrx_word' id='word_1_105' title='bbox 625 1398 735 1444; x_wconf 88' lang='lat' dir='ltr'>quae</span> <span class='ocrx_word' id='word_1_106' title='bbox 770 1398 902 1446; x_wconf 85' lang='lat' dir='ltr'>supra</span> <span class='ocrx_word' id='word_1_107' title='bbox 939 1379 1239 1427; x_wconf 85' lang='lat' dir='ltr'>disseruimus.</span> <span class='ocrx_word' id='word_1_108' title='bbox 1278 1408 1340 1417; x_wconf 89' lang='lat'>--</span> 
     </span>
     <span class='ocr_line' id='line_1_16' title="bbox 383 1459 1556 1523; baseline 0.002 -18"><span class='ocrx_word' id='word_1_109' title='bbox 383 1459 642 1523; x_wconf 84' lang='lat' dir='ltr'>Pervulgata</span> <span class='ocrx_word' id='word_1_110' title='bbox 691 1472 732 1509; x_wconf 88' lang='lat' dir='ltr'>et</span> <span class='ocrx_word' id='word_1_111' title='bbox 775 1460 976 1508; x_wconf 86' lang='lat' dir='ltr'>Schilleri</span> <span class='ocrx_word' id='word_1_112' title='bbox 1017 1461 1225 1508; x_wconf 77' lang='lat' dir='ltr'>nostratis</span> <span class='ocrx_word' id='word_1_113' title='bbox 1273 1461 1405 1507; x_wconf 85' lang='lat' dir='ltr'>Musa</span> <span class='ocrx_word' id='word_1_114' title='bbox 1444 1459 1556 1507; x_wconf 90' lang='lat' dir='ltr'>cele-</span> 
     </span>
     <span class='ocr_line' id='line_1_17' title="bbox 256 1540 1558 1607; baseline 0.001 -21"><span class='ocrx_word' id='word_1_115' title='bbox 256 1540 379 1587; x_wconf 80' lang='lat' dir='ltr'>brata</span> <span class='ocrx_word' id='word_1_116' title='bbox 422 1559 539 1587; x_wconf 89' lang='lat' dir='ltr'>mors</span> <span class='ocrx_word' id='word_1_117' title='bbox 579 1553 733 1607; x_wconf 85' lang='lat' dir='ltr'>poetae</span> <span class='ocrx_word' id='word_1_118' title='bbox 777 1551 843 1589; x_wconf 86' lang='lat' dir='ltr'>est</span> <span class='ocrx_word' id='word_1_119' title='bbox 874 1559 954 1606; x_wconf 89' lang='lat' dir='ltr'>per</span> <span class='ocrx_word' id='word_1_120' title='bbox 990 1540 1179 1589; x_wconf 81' lang='lat' dir='ltr'>latrones</span> <span class='ocrx_word' id='word_1_121' title='bbox 1215 1540 1402 1599; x_wconf 83' lang='lat' dir='ltr'>inflicta,</span> <span class='ocrx_word' id='word_1_122' title='bbox 1456 1551 1558 1605; x_wconf 77' lang='lat' dir='ltr'>post</span> 
     </span>
     <span class='ocr_line' id='line_1_18' title="bbox 256 1620 1560 1686; baseline -0.001 -19"><span class='ocrx_word' id='word_1_123' title='bbox 256 1620 402 1668; x_wconf 85' lang='lat' dir='ltr'>divina</span> <span class='ocrx_word' id='word_1_124' title='bbox 443 1622 717 1686; x_wconf 79' lang='lat' dir='ltr'>providentia</span> <span class='ocrx_word' id='word_1_125' title='bbox 761 1623 913 1670; x_wconf 84' lang='lat' dir='ltr'>eximie</span> <span class='ocrx_word' id='word_1_126' title='bbox 959 1622 1188 1669; x_wconf 83' lang='lat' dir='ltr'>vindicata.</span> <span class='ocrx_word' id='word_1_127' title='bbox 1284 1621 1431 1684; x_wconf 83' lang='lat' dir='ltr'>Quam</span> <span class='ocrx_word' id='word_1_128' title='bbox 1464 1638 1560 1667; x_wconf 90' lang='lat' dir='ltr'>rem</span> 
     </span>
     <span class='ocr_line' id='line_1_19' title="bbox 257 1701 1560 1768; baseline 0 -21"><span class='ocrx_word' id='word_1_129' title='bbox 257 1719 391 1766; x_wconf 85' lang='lat' dir='ltr'>quum</span> <span class='ocrx_word' id='word_1_130' title='bbox 437 1701 585 1766; x_wconf 87' lang='lat' dir='ltr'>plures</span> <span class='ocrx_word' id='word_1_131' title='bbox 631 1714 829 1750; x_wconf 82' lang='lat' dir='ltr'>auctores</span> <span class='ocrx_word' id='word_1_132' title='bbox 876 1701 1178 1768; x_wconf 75' lang='lat' dir='ltr'>prodiderint,</span> <span class='ocrx_word' id='word_1_133' title='bbox 1248 1713 1384 1749; x_wconf 80' lang='lat' dir='ltr'>aetate</span> <span class='ocrx_word' id='word_1_134' title='bbox 1435 1701 1560 1767; x_wconf 77' lang='lat' dir='ltr'>prin·</span> 
     </span>
     <span class='ocr_line' id='line_1_20' title="bbox 257 1781 1560 1849; baseline 0 -22"><span class='ocrx_word' id='word_1_135' title='bbox 257 1798 360 1846; x_wconf 87' lang='lat' dir='ltr'>ceps</span> <span class='ocrx_word' id='word_1_136' title='bbox 408 1793 472 1828; x_wconf 76' lang='lat' dir='ltr'>est</span> <span class='ocrx_word' id='word_1_137' title='bbox 514 1783 746 1849; x_wconf 82' lang='lat' dir='ltr'>Antipater</span> <span class='ocrx_word' id='word_1_138' title='bbox 797 1784 1007 1831; x_wconf 88' lang='lat' dir='ltr'>Sidonius</span> <span class='ocrx_word' id='word_1_139' title='bbox 1051 1784 1100 1829; x_wconf 89' lang='lat' dir='ltr'>in</span> <span class='ocrx_word' id='word_1_140' title='bbox 1147 1783 1279 1830; x_wconf 75' lang='lat' dir='ltr'>Anth.</span> <span class='ocrx_word' id='word_1_141' title='bbox 1324 1781 1415 1829; x_wconf 82' lang='lat' dir='ltr'>Pal.</span> <span class='ocrx_word' id='word_1_142' title='bbox 1463 1782 1560 1838; x_wconf 85' lang='lat' dir='ltr'>VII,</span> 
     </span>
     <span class='ocr_line' id='line_1_21' title="bbox 257 1857 1561 1929; baseline -0.001 -20"><span class='ocrx_word' id='word_1_143' title='bbox 257 1862 364 1909; x_wconf 77' lang='lat'>745.</span> <span class='ocrx_word' id='word_1_144' title='bbox 415 1867 472 1913; x_wconf 82' lang='grc' dir='ltr'>εἰς</span> <span class='ocrx_word' id='word_1_145' title='bbox 502 1863 677 1928; x_wconf 67' lang='grc' dir='ltr'><em>Ἴβυκον</em></span> <span class='ocrx_word' id='word_1_146' title='bbox 710 1866 791 1912; x_wconf 83' lang='grc' dir='ltr'>τὸν</span> <span class='ocrx_word' id='word_1_147' title='bbox 829 1867 1033 1929; x_wconf 76' lang='grc' dir='ltr'><em>Λυρικόν</em></span> <span class='ocrx_word' id='word_1_148' title='bbox 1065 1866 1157 1912; x_wconf 77' lang='grc' dir='ltr'>ὑπὸ</span> <span class='ocrx_word' id='word_1_149' title='bbox 1195 1866 1380 1923; x_wconf 79' lang='grc' dir='ltr'><em>λῃστῶν</em></span> <span class='ocrx_word' id='word_1_150' title='bbox 1418 1857 1561 1922; x_wconf 67' lang='grc' dir='ltr'><em>ἆτεφο-</em></span> 
     </span>
     <span class='ocr_line' id='line_1_22' title="bbox 258 1949 477 2000; baseline 0.009 -12"><span class='ocrx_word' id='word_1_151' title='bbox 258 1949 477 2000; x_wconf 76' lang='grc' dir='ltr'><em>νευμένον.</em></span> 
     </span>
     <span class='ocr_line' id='line_1_23' title="bbox 318 2023 1488 2091; baseline -0.001 -21"><span class='ocrx_word' id='word_1_152' title='bbox 318 2023 486 2089; x_wconf 76' lang='grc' dir='ltr'><em>Ἰβυκε,</em></span> <span class='ocrx_word' id='word_1_153' title='bbox 518 2031 703 2082; x_wconf 79' lang='grc' dir='ltr'><em>ληϊσταί</em></span> <span class='ocrx_word' id='word_1_154' title='bbox 725 2044 774 2073; x_wconf 85' lang='grc' dir='ltr'>σε</span> <span class='ocrx_word' id='word_1_155' title='bbox 794 2031 1106 2091; x_wconf 77' lang='grc' dir='ltr'><em>κατέκτανον,</em></span> <span class='ocrx_word' id='word_1_156' title='bbox 1140 2029 1192 2072; x_wconf 75' lang='grc' dir='ltr'>ἔκ</span> <span class='ocrx_word' id='word_1_157' title='bbox 1214 2041 1325 2071; x_wconf 87' lang='grc' dir='ltr'><em>ποτε</em></span> <span class='ocrx_word' id='word_1_158' title='bbox 1345 2023 1488 2079; x_wconf 83' lang='grc' dir='ltr'><em>νήσου</em></span> 
     </span>
     <span class='ocr_line' id='line_1_24' title="bbox 389 2106 1212 2170; baseline 0 -18"><span class='ocrx_word' id='word_1_159' title='bbox 389 2106 516 2167; x_wconf 77' lang='grc' dir='ltr'><em>βαντ’</em></span> <span class='ocrx_word' id='word_1_160' title='bbox 542 2110 583 2156; x_wconf 77' lang='grc' dir='ltr'>ἐς</span> <span class='ocrx_word' id='word_1_161' title='bbox 607 2111 831 2167; x_wconf 73' lang='grc' dir='ltr'><em>ἐρημαίην</em></span> <span class='ocrx_word' id='word_1_162' title='bbox 851 2108 1037 2170; x_wconf 73' lang='grc' dir='ltr'><em>ἄστιβον</em></span> <span class='ocrx_word' id='word_1_163' title='bbox 1056 2108 1212 2168; x_wconf 75' lang='grc' dir='ltr'><em>ἠϊόνα,</em></span> 
     </span>
     <span class='ocr_line' id='line_1_25' title="bbox 323 2185 1541 2250; baseline 0 -17"><span class='ocrx_word' id='word_1_164' title='bbox 323 2191 427 2233; x_wconf 68' lang='grc' dir='ltr'><em>ἀλλ’</em></span> <span class='ocrx_word' id='word_1_165' title='bbox 450 2188 788 2250; x_wconf 79' lang='grc' dir='ltr'><em>ἐπιβωσαμενον</em></span> <span class='ocrx_word' id='word_1_166' title='bbox 808 2190 1012 2250; x_wconf 67' lang='grc' dir='ltr'><em>γεράνων</em></span> <span class='ocrx_word' id='word_1_167' title='bbox 1032 2192 1192 2249; x_wconf 81' lang='grc' dir='ltr'><em>νέφος,</em></span> <span class='ocrx_word' id='word_1_168' title='bbox 1228 2187 1282 2230; x_wconf 80' lang='grc' dir='ltr'>αἶ’</span> <span class='ocrx_word' id='word_1_169' title='bbox 1295 2201 1367 2230; x_wconf 83' lang='grc' dir='ltr'><em>τοι</em></span> <span class='ocrx_word' id='word_1_170' title='bbox 1390 2185 1541 2229; x_wconf 76' lang='grc' dir='ltr'><em>ἵκοντο</em></span> 
     </span>
     <span class='ocr_line' id='line_1_26' title="bbox 390 2265 1396 2331; baseline -0.003 -18"><span class='ocrx_word' id='word_1_171' title='bbox 390 2268 610 2330; x_wconf 76' lang='grc' dir='ltr'><em>μάρτυρες</em></span> <span class='ocrx_word' id='word_1_172' title='bbox 621 2304 638 2331; x_wconf 77' lang='grc'>,</span> <span class='ocrx_word' id='word_1_173' title='bbox 676 2268 894 2329; x_wconf 70' lang='grc' dir='ltr'><em>ἄλγιστον</em></span> <span class='ocrx_word' id='word_1_174' title='bbox 914 2271 1149 2328; x_wconf 75' lang='grc' dir='ltr'><em>ὀλλυμὲνῳ</em></span> <span class='ocrx_word' id='word_1_175' title='bbox 1171 2265 1396 2311; x_wconf 73' lang='grc' dir='ltr'><em>θάνατον.</em></span> 
     </span>
     <span class='ocr_line' id='line_1_27' title="bbox 327 2347 1411 2409; baseline -0.002 -15"><span class='ocrx_word' id='word_1_176' title='bbox 327 2353 432 2394; x_wconf 76' lang='grc' dir='ltr'><em>οὐδὲ</em></span> <span class='ocrx_word' id='word_1_177' title='bbox 457 2349 610 2406; x_wconf 76' lang='grc' dir='ltr'><em>μάτην</em></span> <span class='ocrx_word' id='word_1_178' title='bbox 635 2350 854 2409; x_wconf 58' lang='lat' dir='ltr'>coemam,</span> <span class='ocrx_word' id='word_1_179' title='bbox 888 2351 982 2394; x_wconf 71' lang='grc' dir='ltr'>ἐπεὶ</span> <span class='ocrx_word' id='word_1_180' title='bbox 1009 2350 1210 2404; x_wconf 82' lang='grc' dir='ltr'><em>ποινῆτις</em></span> <span class='ocrx_word' id='word_1_181' title='bbox 1234 2347 1411 2407; x_wconf 75' lang='grc' dir='ltr'><em>Ἐρινύς</em></span> 
     </span>
     <span class='ocr_line' id='line_1_28' title="bbox 394 2427 1340 2489; baseline -0.002 -15"><span class='ocrx_word' id='word_1_182' title='bbox 394 2431 536 2476; x_wconf 79' lang='grc' dir='ltr'><em>τῶνδε</em></span> <span class='ocrx_word' id='word_1_183' title='bbox 555 2432 634 2476; x_wconf 81' lang='grc' dir='ltr'>δια</span> <span class='ocrx_word' id='word_1_184' title='bbox 659 2430 871 2489; x_wconf 80' lang='grc' dir='ltr'><em>κλαγγὴν</em></span> <span class='ocrx_word' id='word_1_185' title='bbox 899 2435 1060 2475; x_wconf 78' lang='grc' dir='ltr'><em>τίσατο</em></span> <span class='ocrx_word' id='word_1_186' title='bbox 1088 2434 1177 2474; x_wconf 83' lang='grc' dir='ltr'><em>σεῖο</em></span> <span class='ocrx_word' id='word_1_187' title='bbox 1200 2427 1340 2486; x_wconf 86' lang='grc' dir='ltr'><em>φόνον</em></span> 
     </span>
     <span class='ocr_line' id='line_1_29' title="bbox 336 2508 1415 2569; baseline -0.003 -14"><span class='ocrx_word' id='word_1_188' title='bbox 336 2515 557 2569; x_wconf 79' lang='grc' dir='ltr'><em>Σισυφίην</em></span> <span class='ocrx_word' id='word_1_189' title='bbox 577 2512 701 2558; x_wconf 82' lang='grc' dir='ltr'><em>κατα</em></span> <span class='ocrx_word' id='word_1_190' title='bbox 727 2515 887 2568; x_wconf 80' lang='grc' dir='ltr'><em>γαῖαν.</em></span> <span class='ocrx_word' id='word_1_191' title='bbox 922 2510 977 2553; x_wconf 78' lang='grc' dir='ltr'>ἰώ</span> <span class='ocrx_word' id='word_1_192' title='bbox 998 2512 1266 2569; x_wconf 74' lang='grc' dir='ltr'><em>φιλοκερδέα</em></span> <span class='ocrx_word' id='word_1_193' title='bbox 1288 2508 1415 2565; x_wconf 78' lang='grc' dir='ltr'><em>φῦλα</em></span> 
     </span>
     <span class='ocr_line' id='line_1_30' title="bbox 398 2588 1423 2654; baseline -0.002 -19"><span class='ocrx_word' id='word_1_194' title='bbox 398 2598 642 2654; x_wconf 77' lang='grc' dir='ltr'><em>ληϊστέων,</em></span> <span class='ocrx_word' id='word_1_195' title='bbox 676 2596 723 2637; x_wconf 84' lang='grc' dir='ltr'><em>τί</em></span> <span class='ocrx_word' id='word_1_196' title='bbox 740 2589 863 2636; x_wconf 78' lang='grc' dir='ltr'><em>θεῶν</em></span> <span class='ocrx_word' id='word_1_197' title='bbox 884 2594 940 2634; x_wconf 67' lang='lat' dir='ltr'>oz&#39;</span> <span class='ocrx_word' id='word_1_198' title='bbox 965 2590 1231 2650; x_wconf 75' lang='grc' dir='ltr'><em>πεφόβησθε</em></span> <span class='ocrx_word' id='word_1_199' title='bbox 1252 2588 1387 2640; x_wconf 82' lang='grc' dir='ltr'><em>χόλον</em></span> <span class='ocrx_word' id='word_1_200' title='bbox 1401 2605 1423 2648; x_wconf 81' lang='lat'>,-</span> 
     </span>
    </p>
   </div>
  </div>
 </body>
</html>
