1677 3059
692 211 756 219 —
865 183 961 226 202
1067 208 1129 214 -—

705 322 742 369 F
758 340 780 368 r
796 340 819 368 a
839 339 868 385 g
883 340 938 368 m.
998 320 1110 367 XLI.

376 420 537 470 Scholl.
572 417 706 465 Arist.
741 419 846 464 ΑΠ’.
880 419 984 464 192.

349 506 501 553 Χάους
534 502 640 548 ἀντὶ
668 501 752 546 τοῦ
785 503 915 562 ἀέρος
948 500 1059 563 νῦν,
1105 501 1163 549 ὠς
1197 497 1431 561 Ἴβυκος·
1475 515 1558 543 πο-

250 588 388 633 τᾶται
422 590 470 632 δὲ
502 587 549 630 ἐν
579 584 808 643 ἀλλοτρίῳ
842 582 954 635 χάει.
1024 579 1137 625 Hine
1163 577 1287 625 Suid.
1325 596 1357 625 s.
1387 596 1424 623 v.
1458 596 1559 643 per-

250 665 449 713 turbate:
486 664 639 713 Χάους
669 661 961 723 ἀρχαιότερος
995 663 1077 706 καί
1104 661 1331 721 Κρονιῶν.
1364 663 1437 707 ἐπί
1467 661 1560 706 τῶν

249 747 372 793 πάνυ
409 747 642 792 παλαιῶν.
688 746 769 791 καί
796 741 1037 806 Ἴβυκος·
1080 745 1283 789 ποτᾶται
1319 746 1358 788 δ’
1394 744 1441 786 ἐν
1474 743 1558 788 ἀλ-

246 834 413 890 λοτρίῳ
448 829 561 882 χάει.

367 923 517 970 Ursin.
544 926 592 968 δέ
608 925 654 968 ἐν
672 931 712 967 et
736 921 867 982 ‹pokec5
900 937 982 983 pro
1004 923 1213 982 Κρονιῶν
1233 921 1409 967 Kuster.
1432 928 1556 982 Κρο-

244 1011 380 1068 νίων,
415 1003 516 1049 Urs.
552 1007 770 1063 Χρονίων.
840 998 1176 1064 Comparandus
1201 1001 1455 1068 Bacchylid.
1483 1021 1552 1067 ap.

246 1083 391 1132 Schol.
427 1084 528 1129 Hes.
564 1081 731 1144 Theog.
775 1080 880 1127 116.
928 1087 1218 1138 Βακχυλίδης
1251 1087 1299 1129 δὲ
1332 1084 1442 1137 χάος
1474 1086 1556 1130 τὸν

242 1171 359 1229 ἀέρα
389 1164 601 1220 ὠνόμασε
623 1167 770 1223 λέγων
804 1166 906 1225 περί
937 1164 1022 1210 τοῦ
1054 1165 1216 1210 ἀετοῦ·
1259 1166 1486 1221 Νωμᾶται
1511 1167 1553 1212 δ’

242 1255 288 1297 ἐν
323 1252 560 1309 ἀτρυγέτῳ
594 1245 707 1298 χάει.
776 1242 921 1306 Quem
956 1243 1101 1290 locum
1137 1245 1212 1309 qui
1246 1246 1415 1310 primus
1449 1264 1555 1312 pro-

243 1329 357 1378 didit
381 1325 558 1374 Ruhnk.
595 1325 675 1390 Ep.
712 1324 803 1372 crit.
836 1325 870 1382 I,
907 1344 949 1391 p.
979 1325 1084 1372 175.
1117 1326 1191 1374 III.
1228 1346 1252 1374 a
1282 1327 1554 1393 Bacchylide

240 1412 311 1459 vix
342 1418 488 1458 censet
523 1406 774 1472 discrepare
810 1406 1021 1474 Ibycum,
1060 1407 1146 1454 nisi
1186 1408 1298 1455 forte
1336 1408 1453 1456 idem
1488 1409 1554 1457 lo-

242 1511 320 1541 cus
353 1492 410 1538 sit
441 1488 525 1536 sub
563 1487 646 1534 alio
691 1499 891 1545 auctore3
949 1487 1070 1553 quod
1099 1487 1327 1536 arbitrium
1360 1510 1451 1538 non
1485 1491 1554 1539 in-

240 1575 407 1640 justum
440 1580 560 1617 ratus
586 1569 752 1616 Neuius
784 1569 896 1614 inter
921 1568 1082 1615 dubiae
1116 1568 1219 1616 fidei
1245 1568 1417 1633 frgmm.
1440 1573 1553 1620 Bac-

243 1653 355 1722 chyl.
391 1651 562 1715 rejecit,
599 1669 663 1696 nr.
690 1651 801 1697 LIX.
868 1648 1079 1713 Idemque
1112 1650 1249 1696 sensit
1276 1652 1550 1701 Dindorfius.

240 1733 404 1784 Procul
449 1731 586 1778 dubio
624 1730 746 1796 quod
781 1741 846 1777 est
880 1748 947 1795 ap.
988 1729 1148 1777 Scholl.
1180 1730 1314 1777 Arist.
1352 1744 1392 1780 et
1425 1734 1550 1781 Suid.

241 1820 501 1877 ἀλλοτρίῳ,
538 1830 681 1877 neque
715 1810 1117 1876 interpretationem
1153 1812 1307 1877 recipit
1339 1824 1379 1859 et
1411 1816 1552 1862 mani-

241 1899 402 1946 festum
431 1894 536 1943 satis
571 1903 636 1940 est
671 1891 849 1940 fluxisse
887 1911 938 1939 ex
970 1891 1066 1939 loco
1098 1892 1324 1957 Aristoph.
1360 1896 1439 1940 δια
1472 1900 1552 1953 τῆς

241 1981 412 2028 πόλεως
433 1979 513 2034 τῆς
536 1980 780 2037 ἀλλοτρίας
814 1977 895 2022 καί
918 1976 1002 2020 τοῦ
1035 1975 1188 2026 χάους.
1255 1975 1305 2020 In
1331 1992 1380 2020 eo
1406 1987 1551 2024 tamen

242 2057 517 2106 disconvenit
540 2056 726 2123 Ibycum
760 2056 874 2102 inter
899 2067 939 2102 et
963 2053 1168 2120 Bacchyl.
1185 2091 1196 2110 ‚
1234 2055 1355 2119 quod
1380 2057 1439 2104 illi
1467 2079 1551 2106 πο-

240 2143 379 2187 τᾶται
413 2138 663 2201 assignant,
702 2135 957 2201 exquisitius
992 2133 1094 2181 huic
1125 2139 1346 2191 Μαιῶται.
1398 2139 1549 2202 Quum

241 2231 384 2267 autem
425 2217 855 2281 origoconfusionis
890 2235 980 2262 non
1027 2216 1082 2263 sit
1118 2217 1370 2276 manifesta,
1419 2238 1548 2268 suum

241 2300 416 2365 utrique
452 2318 607 2346 censeo
643 2316 874 2345 servemus.
946 2296 1191 2344 Scribenda
1218 2298 1345 2360 Ibyci
1375 2300 1532 2350 verba:

305 2428 506 2440 .....
541 2392 753 2439 Ποτᾶται
783 2396 824 2438 δ’
852 2394 898 2437 ἐν
929 2394 1168 2455 ἀτρυγέτῳ
1202 2393 1314 2445 χάει.

650 2477 701 2523 ><
806 2508 818 2525 ,

547 2534 630 2547 υ-
650 2534 768 2541 -.--
788 2530 1053 2543 ——uv-—u—

342 2580 482 2627 Volat
515 2589 673 2627 autem
707 2580 757 2624 in
790 2595 896 2623 aere
913 2578 1092 2641 fruges
1127 2594 1220 2622 non
1236 2578 1436 2640 ferente.
