1677 3059
559 212 624 220 -
760 184 789 230 7
926 209 991 217 .-

113 328 194 384 τιῆς
225 324 409 386 φθορᾶς
430 323 523 369 τῶν
555 323 801 383 παρθένων
830 323 910 380 τῆς
942 325 989 368 ἐν
1020 324 1211 377 Λίμναις
1239 325 1418 382 γενομὲ-

113 423 192 463 νης
213 412 305 454 τοῖς
328 407 720 465 Λακεδαιμονίοις,
755 400 819 449 cll.
844 400 1012 449 Heracl.
1037 401 1163 448 Pont.
1186 404 1261 450 25.
1285 403 1414 449 Paus.

112 486 188 543 IV,
214 485 259 540 4,
289 487 331 530 2.
401 481 545 529 Facile
579 481 713 544 igitur
747 482 808 529 ita
842 482 931 529 labi
964 494 1166 549 poterant
1201 483 1415 540 homines,

109 577 159 614 ut
194 565 269 631 qui
304 565 351 612 in
391 562 634 628 majoribus
668 573 822 627 poetae
867 577 1141 621 censeretur,
1197 564 1414 611 temeritas

110 645 506 693 Grammaticorum
550 643 738 690 eundem
781 645 974 710 parentis
1016 645 1184 692 honore
1223 655 1400 708 augeret

108 726 448 791 Persi-equenter
492 735 681 771 erratum
717 737 781 773 cst
814 725 1023 774 similiter.
1113 726 1243 773 Velut
1278 727 1412 773 Pitta-

109 825 208 854 cum
230 805 392 854 suidas
420 805 538 852 Caici
560 815 602 850 et
619 805 860 872 Hyrrhacis
885 806 1105 853 Thracum
1129 806 1265 854 filium
1287 808 1409 854 fecit:

106 888 287 935 alterum
320 887 369 934 in
413 887 602 952 majores
636 885 920 949 relegandum
953 887 1091 933 videri
1136 886 1410 934 Welckerus

105 968 396 1028 commonuit,
452 967 580 1015 Jahn.
616 967 789 1014 Annall.
823 967 972 1033 philol.
1012 968 1152 1025 1830,
1186 968 1230 1025 I,
1265 988 1306 1034 p.
1337 969 1407 1015 15.

102 1049 209 1096 Jure
249 1060 393 1098 autem
428 1049 549 1114 quod
594 1048 843 1095 Messenius
895 1048 1055 1095 dicitur
1098 1049 1235 1097 fuisse
1276 1050 1409 1118 Poly-

102 1129 244 1189 zelus,
300 1130 358 1178 ad
390 1130 657 1178 Messeniam
696 1128 990 1194 Peloponnesi
1025 1140 1222 1195 spectare
1263 1131 1408 1187 statui,

103 1228 238 1274 quum
269 1213 475 1259 Messana
517 1209 690 1257 Siciliae
732 1209 942 1257 Anaxilae
980 1210 1155 1257 demum
1197 1223 1406 1276 tempore,

102 1293 178 1357 qui
213 1303 314 1357 post
354 1291 424 1338 Ol.
460 1292 584 1340 LXX
628 1309 798 1338 summa
829 1309 974 1338 rerum
1010 1292 1174 1357 potitus
1213 1303 1303 1348 est,
1362 1291 1408 1337 id

98 1373 288 1420 nominis
335 1372 557 1429 asciverit,
634 1390 745 1436 quae
793 1384 917 1419 antea
960 1371 1120 1419 Zancla
1163 1384 1404 1429 vocaretur,

97 1455 236 1502 Thuc.
271 1455 346 1512 VI,
381 1456 423 1501 5.
508 1456 734 1504 Ἀναξίλας
773 1456 1013 1513 Μεσσήνην
1055 1457 1152 1502 οέπὸ
1186 1457 1266 1512 τῆς
1298 1458 1404 1500 ἑαυ-

95 1538 179 1584 τοῦ
206 1536 260 1584 τὸ
293 1539 492 1597 ἀρχαῖον
525 1540 742 1596 πατρίδος
775 1537 1084 1593 αντωνόμασε.
1153 1535 1253 1582 Noli
1287 1536 1401 1583 enim

96 1618 287 1682 cogitare
308 1616 363 1664 de
385 1615 692 1680 anticipatione
715 1616 785 1662 illa
812 1617 1032 1676 historica,
1070 1619 1125 1666 de
1139 1621 1239 1684 fqua
1266 1619 1401 1665 Bent-

92 1699 203 1764 lejus
241 1697 472 1755 disseruit,
510 1696 702 1761 Opuscc.
733 1717 774 1764 p.
808 1700 907 1756 17.,
946 1718 1075 1763 quam
1111 1701 1252 1766 poetis
1282 1701 1400 1748 cedi-

90 1798 189 1828 mus
223 1797 304 1826 nec
337 1797 362 1826 a
396 1777 687 1843 scriptoribus
713 1779 993 1843 pedestribus
1022 1779 1151 1845 plane
1186 1801 1398 1841 arcemu5‚

89 1861 168 1909 ubi
211 1871 352 1908 certae
390 1860 582 1906 suasisse
617 1877 796 1906 caussae
826 1860 1058 1910 videntur:
1105 1881 1130 1909 a
1169 1864 1399 1911 Gramma-

87 1942 185 1990 ticis
224 1941 447 2005 vulgarem
481 1939 660 1987 modum
697 1940 946 2005 appellandi
991 1943 1217 2006 exigimus,
1308 1944 1399 1990 Sed

87 2024 149 2071 ita
191 2022 296 2070 dum
329 2021 587 2078 statuimus,
644 2020 693 2067 id
728 2021 906 2085 quidem
947 2023 1244 2071 confitendum
1275 2024 1396 2072 vide-

88 2121 211 2161 muS,
246 2122 298 2151 ex
329 2102 639 2150 historicorum
674 2120 858 2149 numero
897 2104 1173 2153 eximendum
1209 2106 1393 2173 Polyze-

83 2185 177 2232 vlum
208 2201 314 2231 esse.
381 2183 508 2246 Quae
541 2182 772 2248 appellatio
810 2185 865 2231 ab
892 2186 944 2232 iis
976 2187 1171 2251 prosecta
1205 2187 1392 2246 videtur,

87 2266 164 2331 qui
197 2264 312 2315 claro
347 2265 520 2330 scriptis
554 2263 643 2311 filio
672 2263 835 2312 clarum
873 2266 1134 2314 affinxerunt
1169 2280 1391 2334 parentem

85 2362 272 2409 eumque
314 2342 595 2404 historicum,
645 2348 852 2412 quoniam
887 2346 1002 2394 filius
1040 2348 1087 2394 in
1122 2349 1390 2396 carminibus

85 2427 178 2474 suis
222 2443 313 2472 non
345 2425 520 2492 mythos
562 2427 703 2474 solum
739 2439 988 2487 tractasset,
1045 2429 1124 2476 sed
1159 2430 1388 2478 historicas

85 2506 215 2554 etiam
254 2523 324 2553 res
361 2516 475 2553 esset
508 2520 775 2572 persecutus.
860 2509 986 2573 Quae
1021 2529 1091 2558 res
1136 2510 1306 2568 effecit,
1341 2523 1385 2557 ut

85 2598 231 2636 essent
264 2587 393 2648 olim,
447 2590 524 2655 qui
557 2588 613 2637 de
646 2589 783 2661 Ibyco
820 2592 1028 2641 historico
1063 2593 1387 2642 fabularentur:
