1677 3059
678 206 736 213 -
847 176 942 224 168
1047 204 1112 212 —-

249 323 299 359 [ta
325 318 536 368 schottus,
576 333 595 358 a
623 332 700 371 quo
730 316 827 356 nihil
855 316 1045 369 discrepat
1076 315 1266 368 exemplar
1294 318 1436 358 Zenob.
1467 332 1552 358 ann.

250 391 387 438 1497.,
430 388 504 427 nisi
540 387 645 438 quod
671 386 716 425 ab
744 386 858 424 initio
886 391 1004 435 εἵμασι
1031 386 1216 439 scriptum
1243 387 1409 439 praebet.
1474 389 1553 427 Has

247 454 424 494 tenebras
457 454 509 492 ita
537 456 725 494 vertendo
757 455 948 508 expressit
976 455 1186 495 Schottus:
1223 456 1410 494 »Vinctus
1435 459 1556 511 siqui-

247 524 333 562 dem
362 526 400 560 in
425 526 620 575 petricoso
645 525 813 578 quodam
844 526 929 564 Ioco
952 525 1216 573 Stesichorus,
1245 525 1382 564 Peliae
1408 533 1449 564 ut
1473 541 1557 565 cer-

248 591 456 631 taminibus
484 592 576 630 bene
601 599 842 645 praeesset.«
896 593 1091 633 Misellum
1117 595 1291 646 poetam!
1345 595 1412 634 llle
1439 596 1559 648 igitur

245 664 356 707 ἐδέθη
395 659 582 714 scriptum
610 661 793 715 cogitavit
828 669 867 701 et
894 655 933 701 εὖ
963 662 1094 715 ἄρχειν.
1160 663 1343 702 Erasmus
1373 664 1418 702 ab
1447 664 1559 702 initio

249 729 406 783 scripsit
439 736 515 773 τοῖς
542 737 724 775 Ποντικοῖς
751 737 888 782 εἱζαασι,
925 734 1116 772 Ponticas
1148 739 1268 770 vestes
1297 741 1559 779 commentus;

250 800 478 853 Hartungus
503 806 690 843 κοπτικοῒς.
747 800 1029 852 Reponendum
1055 802 1153 840 vidit
1176 802 1361 854 Leopard.
1383 803 1491 841 Misc„
1511 804 1562 850 V,

249 872 313 906 20.
346 876 419 911 τοῖς
447 875 624 910 πυκιικοῖς
652 872 795 917 ι’μᾶσινς
833 883 920 907 nam
950 869 1044 909 loris
1077 869 1285 909 luctatores
1313 886 1447 909 manus
1476 870 1563 908 vin-

251 936 427 985 ciebant,
466 944 587 986 χεῖρας
615 937 726 984 ἱμάντι
753 941 872 981 δεθεὶς
908 938 1060 977 Pindar.
1093 939 1408 978 Emendationem
1445 947 1564 978 ratam

250 1005 420 1044 habuere
443 1003 683 1043 membranae
696 1004 914 1053 vaticanae,
938 1006 1123 1060 Hesych.‚
1146 1008 1325 1056 Phavor..‚
1344 1009 1444 1060 apud
1465 1023 1562 1060 quos

252 1083 331 1115 est:
364 1078 567 1130 χειροβρῶτι
597 1076 731 1123 δεσμῷ·
759 1083 833 1118 τοῖς
859 1085 1034 1119 πυκτικοῒς
1061 1080 1178 1125 ἱμᾶσι,
1208 1080 1265 1114 διὰ
1288 1079 1326 1115 τό
1354 1080 1412 1120 τὰς
1435 1080 1567 1128 σάρκας

252 1147 445 1185 διακόπτειν
466 1151 526 1184 καὶ
546 1145 746 1182 ἀναλίσκειν.
802 1144 1001 1183 Mittamus
1030 1144 1070 1182 in
1095 1160 1274 1197 praesens
1297 1145 1461 1185 relicua:
1491 1147 1567 1186 hoc

253 1223 432 1267 apparet,
470 1212 588 1253 verba
615 1215 775 1263 χειροβρ.
811 1216 845 1250 δ.
885 1227 932 1251 ex
970 1213 1211 1252 StesichorIO
1250 1215 1414 1254 carmine
1450 1216 1570 1268 petita

254 1298 360 1333 esse,
392 1284 497 1336 quod
520 1275 619 1322 ἆθλα
643 1286 698 1319 ἐπὶ
721 1286 832 1331 Πελίᾳ
853 1282 1082 1335 inscriptum
1107 1282 1191 1321 suit.
1243 1284 1448 1336 Perperam
1467 1285 1567 1324 Prie.

255 1353 410 1407 Apulej.
441 1369 478 1406 p.
499 1353 589 1392 504.
617 1352 865 1402 χειροβροίτῳτ
898 1351 994 1390 illud
1013 1352 1244 1400 formatum,
1272 1359 1318 1390 ut
1345 1357 1567 1406 σιδηροβρώς,

256 1423 422 1472 ὠμοβρώς
451 1421 534 1460 rell.
590 1422 664 1459 Est
694 1420 819 1459 exitus
849 1433 987 1459 versus
1018 1420 1156 1475 dactyl.
1189 1420 1420 1474 logaoedici:

312 1519 570 1530 .......
603 1492 816 1541 Χειροβρῶτι
843 1491 971 1540 δεσμῷ.

591 1584 902 1597 —v—u—-—-

313 1623 503 1660 »l'inculo
537 1636 673 1661 manus
701 1621 952 1659 arrodente.÷‹

261 1692 338 1730 Sed
365 1692 456 1743 quid
485 1692 551 1730 fiat
577 1689 762 1729 relicuis?
817 1689 1068 1728 Diversarum
1096 1702 1276 1726 manuum
1304 1690 1464 1744 vestigia
1492 1692 1573 1731 cui-

261 1761 318 1798 vis
351 1762 390 1800 in
420 1761 553 1800 oculos
584 1760 801 1799 incurrunt.
854 1759 914 1796 Ex
945 1758 1086 1807 Suida,
1117 1758 1233 1809 quis.
1258 1773 1293 1796 v.
1314 1763 1502 1811 χειροβρώς
1522 1762 1573 1800 ita

264 1830 437 1883 scripsit:
468 1832 667 1881 χειροβρώς,
692 1831 943 1880 χειροβρῶτος.
972 1829 994 1866 ὁ
1013 1831 1140 1877 δεσμὸς
1162 1829 1180 1866 ὁ
1203 1829 1574 1881 ἄποβιβρώσκωῃ

264 1902 306 1938 τώ
335 1908 439 1948 χεῖρε.
470 1908 599 1938 assuta
626 1899 689 1937 illa
717 1905 827 1936 sunt:
860 1900 990 1946 βέλτιον
1017 1920 1067 1927 —·
1095 1900 1139 1936 τώ
1167 1908 1283 1948 χεῖρε,
1313 1902 1574 1938 accommoda-

265 1968 342 2006 tius
369 1968 415 2006 ad
431 1970 661 2021 χειροβρώς.
710 1969 819 2016 Quae
844 1970 1073 2017 sequuntur,
1100 1966 1262 2005 absurde
1283 1968 1441 2006 confusa
1463 1978 1573 2008 sunt:

268 2036 412 2075 Zenob.
435 2038 481 2075 ad
508 2055 594 2088 χειρ.
623 2042 721 2086 δεσμ.
747 2034 1012 2074 auctoritatem
1042 2035 1185 2073 addidit
1215 2036 1439 2076 Stesichori.
1480 2040 1575 2077 Per-

269 2106 434 2144 tinuisse
464 2120 506 2145 ea
534 2121 705 2161 auguror
744 2105 790 2144 ad
818 2118 897 2142 eam
927 2104 1103 2143 carminis
1133 2114 1299 2157 partem,
1340 2106 1379 2144 in
1410 2121 1481 2158 qua
1510 2108 1576 2146 de-

271 2176 411 2228 scripta
440 2185 520 2215 erat
548 2175 571 2221 ἠ
602 2177 774 2218 ἐξόπλισις
802 2176 863 2212 τῶν
890 2173 1030 2222 ἥρω’ων,
1070 2176 1172 2213 unde
1199 2176 1443 2214 refluximus:
1487 2185 1579 2222 Στη-

272 2250 414 2295 σι’χορος
449 2250 482 2282 ἐν
510 2249 605 2296 ἀρχῇ
640 2250 782 2284 1031·an
810 2248 919 2292 Πελίᾳ
945 2243 1080 2282 ἄθλων.
1156 2245 1267 2292 Quos
1302 2245 1474 2298 pugilatu
1514 2246 1579 2284 de-

277 2322 466 2352 certantes
505 2314 654 2363 fecerit,
692 2314 888 2367 ignotum:
931 2312 970 2350 in
998 2327 1082 2351 arca
1112 2320 1145 2350 οἱ
1173 2314 1479 2363 ἀποτετολμηκότες
1516 2332 1580 2353 πυ-

273 2385 397 2420 maizu*
412 2383 588 2432 ’Ἄδμητος
616 2392 672 2422 καὶ
701 2385 832 2432 Μόψος
857 2387 944 2420 ἐστὶν
973 2383 991 2420 ὁ
1016 2382 1210 2431 Ἀμπυκος,
1240 2390 1339 2422 teste
1362 2384 1471 2421 Paus.
1501 2383 1524 2421 l.
1548 2398 1579 2422 c.

276 2451 454 2504 hyginus
490 2452 514 2490 l.
553 2469 584 2493 c.
621 2454 759 2492 vicisse
796 2451 912 2490 tradit
949 2453 1015 2495 πύξ
1052 2454 1194 2501 ἀγαθόν
1231 2454 1472 2496 Πολυδεύκεα,
1514 2453 1580 2505 qui

275 2520 374 2570 apud
401 2521 666 2562 Stesichorum
696 2520 889 2575 quadrigis
927 2529 1094 2561 certasse
1133 2522 1289 2561 videtur
1314 2536 1400 2562 cum
1427 2522 1580 2576 gemino

278 2585 452 2626 Castore.
