1677 3059
695 233 759 241 --
865 201 964 251 208
1073 228 1138 238 -—

686 344 721 390 F
739 361 762 389 r
782 362 805 390 a
827 361 855 405 g
875 360 930 388 m.
986 340 1142 387 XLIX.

392 422 611 473 Plutarch.
650 442 792 489 comp.
823 423 1012 490 Lycurg.
1052 432 1093 470 et
1123 423 1252 471 Num.
1285 425 1328 472 3.

353 504 450 553 Ἔτι
483 507 531 550 δὲ
563 507 741 561 μᾶλλον
773 506 803 562 ἡ
839 508 941 566 περί
972 504 1053 554 τὰς
1086 510 1348 566 παρθένους
1381 509 1568 566 φυλακὴ

259 592 568 636 κατέσταλται
587 587 655 648 τῷ
677 587 843 649 Νουμᾷ
869 587 982 648 πρὸς
1014 585 1067 632 τὸ
1099 587 1226 643 θῆλυ
1260 588 1343 632 καί
1365 587 1569 644 κόσμιον.

257 674 288 729 η
332 672 381 715 δὲ
423 667 508 714 τοῦ
551 666 824 727 ,Λυκούργου
871 666 1170 713 παντάπασιν
1209 670 1569 727 ἀναπεπταμένη

259 752 342 800 καί
374 746 557 805 ἄθηλυς
589 739 709 794 οὖσα
742 754 834 797 τοῖς
867 754 1079 805 ποιηταῖς
1111 746 1252 807 λόγον
1285 753 1569 810 παρέσχηκε.

263 829 714 892 Φαινομηρίδας
747 846 796 875 τε
828 829 920 890 γαρ
955 829 1104 878 αὐτας
1133 831 1481 894 ἀποκαλοῦσιν,
1512 832 1572 881 ὥς

254 914 494 978 Ἴβυκος,
533 912 614 957 καί
642 914 940 971 ἀνδρομανεῖς
969 911 1256 974 ἱστοροῦσιν,
1289 913 1351 962 ctis
1376 914 1570 974 Εὐριπί-

259 1001 367 1057 δης,
405 989 642 1057 (Androm.
677 990 807 1052 599.)
844 995 1011 1051 λέγων·

325 1078 378 1122 αἳ
408 1075 492 1121 σὺν
523 1076 685 1119 νέοισιν
716 1072 1006 1132 ἐξερημοῦσιν
1037 1070 1203 1126 δόμους

324 1160 537 1218 γυμνοῖσι
568 1158 727 1212 μηροῖς
758 1154 840 1198 καί
870 1158 1054 1202 πέπλοις
1086 1155 1340 1209 ἀνειμένοις.

259 1240 357 1286 Huc
387 1251 544 1283 revoca
588 1230 699 1282 Poll.
735 1233 832 1291 VII,
868 1235 943 1281 55.
987 1236 1191 1280 ἐκαλεῖτο
1228 1237 1277 1280 δὲ
1310 1233 1393 1280 καί
1419 1234 1447 1280 ὁ
1478 1234 1572 1282 τῶν

258 1322 507 1382 παρθένων
538 1316 661 1363 οὕτω
698 1316 779 1380 (sc.
808 1315 986 1378 πόρπη)
1014 1321 1281 1369 χιτωνίσκος
1288 1349 1306 1379 ,
1343 1302 1400 1361 οὗ
1416 1332 1571 1376 παρα-

259 1403 477 1449 λύσαντες
520 1396 632 1458 ἄχρι
667 1413 788 1448 τινος
833 1399 915 1447 τας
960 1402 1188 1458 πτέρυγας
1227 1399 1279 1443 ἐκ
1323 1397 1404 1454 τῆς
1440 1397 1569 1444 κάτω

258 1487 390 1540 πέζης
422 1482 706 1542 παρέφαινον
739 1480 845 1530 τους
876 1471 1070 1541 μηροὺς,
1106 1479 1310 1533 μάλιστα
1344 1482 1394 1523 αἱ
1413 1487 1569 1540 Σπαρ-

257 1567 479 1626 τιάτιδος,
510 1563 564 1611 οἳς
597 1561 676 1607 δια
700 1562 838 1607 τοῦτο
870 1564 1288 1621 φανομηρίδας
1320 1559 1567 1615 ὠνόμαζον.

246 1645 380 1704 ⁸Idem
416 1643 479 1700 II,
534 1640 639 1689 187.
683 1643 713 1698 ἡ
749 1642 968 1688 Λάκαινα
1012 1642 1278 1701 φανόμηρις.
1346 1639 1411 1685 Ita
1453 1639 1569 1685 enim

259 1738 447 1792 utroque
477 1722 574 1770 loco
610 1720 739 1769 codd.
776 1720 991 1769 Pollucis:
1032 1721 1165 1767 Henr.
1200 1730 1344 1766 tamen
1380 1718 1570 1785 Stepha-

257 1825 363 1855 num
397 1823 582 1865 φαινομ.
619 1802 802 1869 exempli
837 1802 907 1849 sui
940 1801 1129 1865 margini
1163 1800 1420 1867 ascripsisse
1453 1800 1568 1848 rese-

256 1899 361 1936 runt
403 1888 547 1952 Intpp.
583 1884 731 1951 itaque
765 1885 812 1932 in
849 1885 980 1932 Thes.
1018 1883 1085 1930 ed.
1130 1882 1317 1929 Londin.
1346 1901 1387 1947 p.
1427 1882 1565 1929 1137.

256 1971 308 2017 B.
345 1967 505 2024 sensit,
542 1967 587 2013 in
614 1985 702 2031 quo
734 1984 863 2013 nemo
895 1987 985 2014 non
1018 1963 1337 2030 astipulabitur.
1405 1962 1466 2009 At
1488 1979 1570 2008 sua

254 2048 426 2097 'Polluci
460 2046 751 2113 relinquenda
785 2049 1004 2114 scriptura
1038 2057 1113 2093 est.
1179 2044 1303 2091 Idem
1336 2061 1427 2090 11011
1452 2052 1569 2090 recte

256 2130 437 2178 fluctuat
472 2132 794 2192 φαινομηριδες
822 2147 878 2175 an
901 2132 1221 2189 φαινομηρίδες
1251 2142 1333 2190 pro
1363 2141 1466 2170 vero
1497 2140 1567 2169 ar-

257 2212 454 2259 bitretur.
533 2211 818 2259 Recentiores
858 2209 950 2256 fere
986 2226 1137 2255 omnes
1173 2224 1358 2267 φαινομ.
1392 2202 1568 2269 praefe-

256 2305 384 2350 runt,
435 2292 551 2340 velut
585 2290 882 2354 Stackelberg.
919 2290 974 2337 de
1008 2287 1152 2354 templ.
1197 2285 1344 2353 Apoll.
1386 2282 1564 2349 Epicur.

256 2376 380 2421 Bass.
416 2393 457 2439 p.
496 2372 626 2430 145„
667 2372 743 2438 qui
777 2371 899 2419 locus
934 2382 999 2418 est
1033 2369 1087 2417 de
1122 2368 1369 2432 virginibus
1401 2366 1565 2413 Lacae-

255 2456 324 2502 nis
364 2455 579 2521 oppositis
615 2454 797 2501 adversa
842 2452 986 2499 fronte
1029 2450 1190 2498 Ionicis
1224 2451 1564 2497 ἑλκεσιπέπλοις.

255 2537 328 2583 Ad
363 2535 621 2584 firmandam
657 2535 917 2600 scripturam
949 2543 1070 2580 utare
1104 2550 1208 2579 voce
1246 2534 1479 2591 φαινολίς,
1524 2545 1561 2571 v.

254 2619 383 2669 Voss.
428 2618 474 2666 in
510 2618 660 2684 hymn.
710 2618 805 2666 Cer.
841 2617 945 2674 51.,
1003 2614 1215 2675 φαινόπις
1258 2610 1450 2660 Maneth.
1486 2608 1562 2664 IV,
