1677 3059
537 227 978 275 —51—

108 372 277 439 priscas
311 366 548 417 tradendas
576 364 831 430 composita,
864 362 1067 412 sed›usui
1087 364 1306 428 praesenti
1333 364 1410 412 de-

101 453 280 508 stinata3
315 467 402 497 non
430 448 485 494 ab
515 466 603 495 uno
626 448 772 508 ἀοιδῷ
800 444 865 492 vel
886 446 1087 508 ρἀψωδῷ
1115 443 1410 493 decantaban-

102 545 187 590 tur,
223 532 303 580 sed
327 530 461 578 choro
486 528 728 592 agebantur
755 525 942 583 saltanti,
977 524 1095 573 unde
1118 526 1163 572 in
1188 526 1408 590 strophas,

102 612 398 678 antistrophas
428 621 469 657 et
504 607 670 675 epodos
695 606 834 653 divisa
857 616 1003 652 erant:
1040 617 1176 652 metra
1195 605 1294 653 licet
1319 607 1409 655 ori-

100 695 248 757 ginem
283 692 430 757 poesis
463 689 582 736 haud
618 687 753 735 dubie
787 685 1004 752 prodant,
1048 685 1208 752 lyrica3
1263 706 1407 736 sermo

98 776 290 840 denique
323 773 418 837 ipse
456 781 496 817 et
520 769 755 816 verborum
776 769 979 833 junctura
1013 767 1068 813 ad
1099 767 1281 814 Pindari
1315 788 1408 816 ma-

98 853 393 918 gnificentiam
426 850 650 916 paullatim
684 849 906 912 surgebat.

227 932 318 980 Sed
363 930 639 999 perdifficilis
687 947 734 976 se
779 930 911 977 offert
955 929 1181 995 quaestio,
1244 930 1408 994 quibus

94 1014 270 1062 tandem
304 1013 445 1061 'rebus
482 1010 765 1059 incitantibus
801 1011 999 1058 confecta
1032 1011 1079 1057 in
1114 1030 1244 1076 quem
1279 1031 1408 1060 usum

96 1095 352 1157 consignata
385 1093 458 1140 illa
500 1091 692 1139 carmina
727 1091 902 1138 suerint.
990 1091 1244 1139 Victoribus
1280 1092 1409 1140 ludo-

95 1194 193 1222 rum
237 1172 511 1220 celebrandis
546 1190 635 1218 non
680 1182 882 1236 poterant
919 1189 1013 1219 esse
1055 1171 1239 1236 scripta:
1297 1194 1408 1239 quae

97 1255 289 1303 carmina
331 1253 430 1300 licet
463 1252 715 1318 mythorum
750 1271 880 1299 usum
914 1252 1180 1315 flagitarent,
1239 1253 1408 1302 delectu

95 1346 240 1383 tamen
285 1351 398 1398 opus
433 1333 516 1378 fuit
549 1350 694 1396 neque
729 1350 779 1379 ea
815 1332 1004 1379 duorum
1038 1332 1250 1380 librorum
1288 1354 1409 1382 inen-

94 1432 243 1462 suram
264 1412 547 1479 recipiebant.
598 1411 748 1473 Quare
778 1413 853 1477 qui
873 1413 1056 1460 Pindari
1081 1432 1253 1462 carmen
1279 1416 1407 1483 Pyth.

95 1497 167 1542 IV.
208 1513 291 1560 pro
328 1492 522 1558 exemplo
563 1491 933 1541 Stesichoriorum
976 1495 1215 1542 carminum
1262 1497 1410 1545 volue-

95 1586 200 1625 runt
233 1574 412 1632 haberi,
460 1585 576 1622 recte
611 1573 672 1620 illi
720 1573 924 1639 quidem,
979 1576 1015 1621 si
1051 1574 1298 1623 fabularum
1337 1595 1409 1623 ex—

95 1655 358 1722 positionem
393 1666 645 1720 spectarunt
679 1653 994 1712 diductiorem;
1052 1655 1121 1702 sin
1157 1654 1410 1703 Stesichoro

95 1737 214 1785 idem
249 1735 478 1784 consilium
509 1735 647 1784 fuisse
675 1735 762 1783 sibi
789 1747 1117 1801 persuaserunt,
1154 1736 1198 1781 in
1223 1736 1410 1783 maximo

97 1834 244 1867 errore
275 1828 513 1864 versantur.
581 1816 637 1863 Et
668 1827 813 1863 tamen
841 1814 1005 1882 lyricus
1029 1825 1158 1878 poeta
1193 1834 1306 1880 opus
1335 1816 1411 1863 ha-

95 1897 231 1945 bebat
262 1907 303 1944 et
336 1899 589 1954 occasione,
638 1915 727 1962 qua
764 1896 822 1943 ad
852 1893 1141 1942 scribendum
1177 1895 1411 1960 compelle-

96 1989 217 2025 retur
251 1989 292 2025 et.
319 1976 431 2034 fine,
470 1979 526 2025 ad
560 1995 690 2043 quem
726 1995 899 2024 omnem
935 1993 1114 2040 operam
1146 1992 1271 2020 suam
1308 1994 1412 2022 con-

98 2058 241 2104 ferret.
320 2057 518 2122 Eamque
555 2069 596 2104 et
632 2059 907 2106 occasionem
943 2066 984 2103 et
1028 2053 1160 2101 finem
1195 2062 1285 2102 non
1322 2057 1412 2121 pri-

98 2149 244 2186 vatum
279 2136 499 2201 quendam
529 2137 667 2186 fuisse
701 2137 779 2185 sed
805 2136 1060 2202 publicum,
1097 2134 1142 2180 in
1177 2136 1241 2181 rei
1273 2136 1413 2201 ipsius

99 2218 268 2265 ratione
304 2228 343 2264 et
376 2217 422 2262 in
454 2229 611 2265 natura
643 2218 802 2265 horum
837 2216 1078 2264 carminum
1112 2215 1305 2279 positum
1337 2225 1411 2262 cst.

101 2298 352 2346 Falsissime
388 2296 502 2343 enim
535 2298 677 2346 Klein.
715 2298 899 2346 Stesich.
930 2315 972 2362 p.
999 2298 1073 2343 53.
1107 2296 1279 2351 statuit,
1319 2295 1415 2341 Ste-

104 2377 328 2424 sichorum
365 2376 556 2424 carmina
590 2378 955 2445 heroico-lyrica
990 2378 1035 2423 in
1071 2376 1193 2423 festis
1229 2393 1415 2422 conven-

101 2458 220 2505 tibus
254 2456 310 2503 ad
333 2456 470 2523 lyram
498 2458 730 2516 cecinisse;
767 2477 1019 2524 quanquam
1046 2457 1288 2523 posteriore
1310 2467 1418 2502 tem-

103 2555 211 2602 pore
236 2555 261 2583 a
295 2536 479 2600 singulis
503 2536 861 2596 decantabantur,
895 2539 1177 2586 v.Andronic.
1199 2541 1300 2599 περί
1319 2538 1416 2585 τάξ.

106 2619 310 2674 ποιητῶν
335 2617 382 2664 in
406 2617 540 2664 Bekk.
574 2617 772 2664 Anecdd.
800 2619 905 2665 Grr.
940 2637 980 2683 p.
1013 2618 1148 2665 1461.
1184 2619 1421 2679 γνώρισμα

1143 2699 1207 2746 4*
