1677 3059
684 249 744 262 -.
875 222 937 269 10
1057 251 1121 259 .-

252 363 520 414 earminibus
538 363 787 412 Pindaricis
819 364 1120 429 praemissum.
1194 365 1399 424 Accedit,
1434 366 1555 431 quod

249 448 462 495 Musurus
494 445 674 493 nomina
699 464 724 492 a
742 444 962 492 veteribus
987 444 1240 492 auctoribus
1268 447 1425 494 tradita
1447 466 1553 495 con-

249 527 546 575 sarcinaturus
580 526 727 592 potius
761 524 935 572 videtur
966 526 1126 583 fuisse,
1174 545 1305 591 quam
1339 527 1551 574 substitu-

184 596 185 599 Ἴ
248 621 374 657 turus
399 625 522 654 nova.
591 606 849 654 Praecidam
873 606 1018 665 brevi3
1054 607 1225 655 scribo:
1261 614 1436 656 Ἠετίδοι
1459 626 1550 655 ποι-

246 690 375 753 τρός,
420 688 484 736 uti
525 700 590 737 est
631 687 793 735 Herod.
831 691 898 748 V,
935 690 1022 748 92,
1059 690 1102 737 5.
1150 688 1195 735 in
1230 687 1406 736 oraculo
1444 688 1549 736 Del-

245 770 403 837 phico:

307 852 512 909 Κύψελος
531 853 755 913 Ἠετίδης,
792 852 1000 913 βασιλεὺς
1027 857 1220 900 κλειτοῖο
1248 855 1502 913 Κορίνθου.

242 931 296 980 Id
331 931 452 998 quod
480 931 536 977 ad
556 935 734 977 Ἠετίων
762 930 822 978 ita
854 932 1065 997 pertinet,
1100 944 1148 980 ut
1182 936 1458 987 Δευκαλίδης
1488 926 1546 974 ad

241 1020 503 1062 Δευκαλίων
529 1013 831 1077 (Λεύκαλος),
888 1013 1058 1078 aliaque
1093 1013 1227 1061 multa
1261 1010 1381 1077 apud
1411 1011 1546 1056 Hem-

239 1094 371 1142 sterh.
406 1093 453 1140 in
490 1093 622 1141 Arist.
661 1092 774 1140 Plut.
804 1111 846 1158 p.
871 1096 979 1142 207.
1009 1106 1050 1142 et
1075 1094 1351 1141 Valckenaer.
1384 1091 1431 1137 in
1455 1090 1544 1136 He-

237 1174 334 1221 rod.
368 1191 411 1239 p.
443 1173 551 1221 421.
583 1173 678 1221 sine
713 1191 868 1221 caussa
899 1179 1102 1234 Αἰετίδης
1131 1184 1380 1222 tentantem.
1443 1171 1542 1216 Jam

238 1255 379 1303 sentio
410 1253 567 1301 lusisse
603 1253 946 1301 Grammaticum
979 1255 1026 1302 in
1060 1254 1236 1301 nomine
1265 1252 1338 1300 illo
1370 1251 1542 1317 parenti

236 1347 391 1401 poetae
425 1335 699 1382 ascribendo.
768 1336 879 1382 Nam
912 1335 1125 1400 respexit,
1164 1334 1346 1400 opinor,
1383 1332 1441 1379 ad
1469 1336 1540 1392 ‘'ll'‘-

235 1424 363 1481 θεος,
396 1434 564 1463 memor
584 1415 655 1462 ille
688 1415 867 1463 crebrae
890 1414 1032 1462 laudis
1056 1416 1352 1462 formosorum
1377 1433 1539 1480 puero-

234 1515 334 1544 rum
363 1497 410 1544 in
442 1496 710 1544 carminibus
734 1496 896 1563 Ibyciis
921 1496 1074 1554 factae,
1109 1508 1157 1543 ut
1178 1496 1305 1559 srgm.
1325 1497 1397 1543 IV.
1469 1496 1539 1543 Si-

236 1578 352 1625 milis
376 1577 512 1641 igitur
535 1588 599 1623 est
620 1577 799 1624 Arionis
823 1588 946 1642 pater
968 1580 1189 1641 Κυκλεύς)
1225 1576 1537 1642 compluraque

231 1657 315 1704 alia
345 1677 413 1724 ap.
444 1656 675 1704 Welcker.
715 1658 771 1704 ad
807 1657 1034 1707 Schwenk.
1073 1678 1115 1724 p.
1145 1661 1240 1705 330
1263 1676 1327 1723 sq.
1367 1676 1417 1705 ex
1448 1658 1536 1704 vir-

229 1737 398 1785 tutibus
433 1737 616 1785 conficta
649 1738 840 1786 filiorum
874 1740 1052 1786 nomina
1082 1751 1323 1805 parentum.
1392 1737 1535 1784 Idem-

232 1837 317 1883 que
342 1818 609 1883 epigramma
638 1820 781 1867 statim
805 1833 906 1886 post
935 1820 1221 1869 Parthenium
1254 1819 1472 1884 quendam
1495 1829 1534 1866 et

227 1898 394 1946 Eetiam
416 1917 498 1964 pro
522 1902 779 1965 parentibus
802 1902 909 1949 vatis
935 1902 1031 1967 Teji
1052 1901 1256 1957 venditat,
1294 1900 1347 1947 de
1371 1899 1532 1965 quibus

227 1979 337 2044 quid
371 1981 649 2029 statuendum
683 1995 815 2041 esset,
862 1982 1093 2030 VVelcker.
1130 1982 1294 2050 Syllog.
1328 1981 1353 2027 l.
1388 1980 1414 2026 l.
1451 1979 1531 2025 do-

225 2061 325 2107 cuit.
392 2061 545 2127 Neque
581 2065 696 2111 enim
730 2064 1004 2111 mirationem
1038 2065 1180 2112 facere
1206 2063 1336 2110 debet
1369 2059 1531 2106 abnor-

223 2141 307 2189 mis
340 2142 448 2190 haec
483 2143 691 2192 derivatio
727 2145 909 2192 ludibrii
942 2146 1078 2208 gratia
1115 2160 1314 2210 procusa.

354 2229 541 2276 Restant
564 2229 652 2276 duo
688 2231 877 2277 nomina.
946 2230 1135 2298 Hesych.
1175 2247 1207 2276 s.
1243 2248 1279 2275 v.
1315 2231 1527 2294 ι’βηκτήρ,

224 2307 266 2355 h.
304 2328 338 2356 e.
373 2311 581 2374 ἰβικτήρ,
626 2322 674 2357 ut
710 2310 818 2356 ordo
855 2310 1045 2375 postulat
1081 2310 1327 2368 literarum,
1374 2311 1527 2358 vitiose

222 2389 434 2455 scriptum
472 2389 583 2438 illud
626 2410 708 2458 pro
752 2392 1031 2456 ι’βυκτήρ,3)
1097 2402 1146 2439 ut
1178 2391 1285 2439 vidit
1328 2392 1525 2450 Salmas,

274 2567 318 2613 3)
346 2569 558 2617 Saepissime
589 2589 599 2608 ι
630 2581 663 2608 et
689 2588 711 2611 v
739 2575 876 2609 variant
905 2575 941 2609 in
971 2574 1096 2609 iisdem
1127 2573 1281 2610 vocibus.
1336 2574 1388 2609 Ita
1418 2573 1523 2608 lasei-

354 2647 416 2668 vne
446 2638 613 2673 maritum
643 2639 800 2675 mulieris
827 2639 993 2675 Horatius
1016 2654 1164 2677 carmm.
1185 2639 1246 2682 ΙΙΙ,
1271 2639 1331 2683 15,
1356 2639 1389 2675 1.
1445 2639 1522 2674 1ὸί-
