1677 3059
561 213 625 221 —-
736 182 828 229 149
935 210 1000 217 —

121 323 235 364 Unde
264 333 409 362 ¹versus
448 329 605 374 poetae,
656 321 753 374 quos
785 321 979 374 conjicere
1006 320 1096 360 licet
1124 320 1164 359 in
1192 321 1424 374 Aethiopide

119 392 247 432 locum
272 390 476 441 habuisse,
507 391 559 430 ita
587 391 750 444 scriptos
779 389 899 430 fuisse
926 390 1175 430 arbitramur:

225 468 227 470 ’
388 489 398 498 .
561 489 572 499 .
819 460 838 497 ὁ
864 461 895 497 δ’
914 459 1059 510 Ἰααβος

223 527 259 568 ἐξ
282 526 401 572 ὀλίγου
427 526 552 575 διαβας
574 526 742 576 προφόρῳ
772 528 873 568 ποδὶ,
907 525 988 576 ὄφρ’
1016 531 1050 564 οἱ
1075 532 1160 573 γυῖα

224 606 257 628 τε
244 591 395 639 ινόμεια
421 592 544 641 ῥωοιτο
567 599 626 630 καὶ
650 592 814 634 εὖσθειὲς
841 590 933 633 εἶδος
958 595 1071 637 ἔχῃσι,

225 682 1182 695 ...............

115 722 274 761 Iambus
302 731 431 763 autem
461 726 594 763 leviter
613 724 800 763 distentus
818 727 1043 777 praeposito
1059 723 1171 775 pede,
1201 739 1274 777 quo
1300 737 1418 762 mem-

116 791 188 830 bra
215 800 375 831 extensa
405 794 683 831 roborarentur·
712 799 749 830 et
784 793 952 831 validam
981 796 1147 846 speciem
1175 793 1334 831 haberet
1367 824 1375 832 .
1408 824 1415 831 .

118 890 394 899 ........
424 860 544 899 telum
571 860 694 914 probe
725 868 914 899 retortum
944 862 1080 901 emisit.
1148 860 1296 900 Iambus
1327 862 1418 910 dux,

114 929 301 967 Mavortis
327 942 506 982 germen,
534 943 615 968 non
645 929 842 982 cognitum
871 930 1034 969 aliunde.
1093 929 1267 981 Speciem
1301 928 1416 967 habe-

115 1011 200 1035 mus
226 997 470 1050 jaculatoris,
510 999 575 1051 qui
603 999 780 1038 cruribus
809 998 1022 1036 divaricatis
1051 997 1172 1036 altero
1200 998 1297 1049 pede
1324 1011 1418 1050 pro-

113 1065 194 1104 silit
219 1066 386 1119 jaculum
414 1067 648 1116 emissurus,
687 1075 730 1106 ut
752 1067 935 1115 validius,
962 1070 1201 1119 promptiore
1226 1069 1332 1114 nisu,
1363 1066 1417 1104 ir-

113 1143 289 1173 ruentem
317 1136 576 1175 adversarium
604 1136 800 1175 sustineat.
864 1136 956 1184 Quo
984 1136 1152 1188 pertinet
1171 1136 1286 1174 Hom.
1313 1136 1416 1176 Iliad.

114 1204 197 1252 ΧΠ,
225 1205 317 1244 457.

209 1276 282 1320 ’στῆ
309 1276 346 1312 δὲ
372 1273 452 1322 μάλ’
475 1275 574 1322 ἔγγῦς
600 1275 661 1312 ἐών
689 1280 745 1311 καὶ
773 1274 988 1324 ἐρεισάμενος
1014 1275 1098 1323 βάλε
1123 1278 1257 1323 μέσσας

222 1332 261 1377 εὖ
288 1341 430 1387 διαβὰς,
459 1343 512 1376 ἵνα
544 1340 593 1387 μή
620 1346 654 1377 οἱ
678 1340 916 1389 ἀφαυρότερον
939 1342 1040 1388 βέλος
1067 1345 1132 1387 εἴη.

113 1406 193 1446 Ubi
219 1406 348 1450 Schol.
379 1408 475 1445 Ven.
503 1407 547 1445 B.
590 1410 744 1457 συνέργει
778 1409 846 1457 γάρ
874 1408 895 1454 ἡ
926 1410 1085 1457 ὃιάβαοις
1113 1411 1198 1459 πρός
1224 1410 1419 1459 βιαιοτέραν

111 1478 173 1513 τοῦ
201 1478 414 1524 βαλλομένου
441 1477 577 1526 φοράν,
618 1476 677 1514 cll.
707 1478 818 1515 Eust.
846 1491 882 1529 p.
914 1479 1005 1524 914,
1040 1482 1102 1515 27.
1145 1480 1282 1528 Rom„
1322 1480 1416 1518 adde

112 1545 224 1598 Tyrt.
253 1545 319 1593 VI,
349 1544 444 1593 31.‚'
478 1546 562 1594 Vll,
590 1549 652 1583 21.
684 1544 796 1582 Bach.
815 1573 826 1592 ,
864 1545 936 1596 Ap.
967 1546 1041 1585 Rh.
1071 1549 1134 1596 lll,
1171 1550 1280 1586 1294.
1309 1550 1418 1599 αὐτὰρ

111 1615 132 1653 ὃ
149 1614 229 1656 τούς
247 1628 287 1661 γε
307 1604 346 1651 εὖ
367 1615 491 1661 διαβάς
516 1614 670 1657 ἐπιόντας
692 1638 742 1643 ——
762 1619 898 1662 μίμνεη
927 1614 1074 1665 qualem
1104 1616 1238 1654 (lucem
1266 1617 1415 1656 deside-

110 1681 210 1720 ravit
233 1681 455 1721 Archiloch.
481 1696 538 1734 ap.
568 1682 696 1721 Valck.
728 1683 835 1720 diatr.
863 1697 899 1734 p.
919 1687 1007 1721 253.
1039 1685 1221 1732 ἆαφαλέως
1247 1688 1418 1735 βεβηκότα

112 1756 228 1790 ποσσί.
303 1752 424 1800 Quod
450 1759 541 1804 post
566 1751 585 1790 ὁ
614 1751 836 1804 particulam
865 1751 1033 1799 inserui,
1070 1753 1141 1791 feci
1171 1755 1321 1792 monitu
1349 1769 1418 1793 an-

111 1821 205 1872 tiqq.
235 1820 343 1870 edd.;
375 1821 554 1871 πρόφορος
576 1820 650 1859 hoc
679 1819 892 1873 significatu
917 1823 1227 1872 praetermissum
1256 1805 1419 1861 Lekico-

113 1890 289 1944 graphis;
319 1903 391 1942 pro
419 1889 516 1940 ὄφρα
542 1897 576 1928 οἱ
605 1889 741 1942 scripsi
767 1888 847 1940 ὄφρ’
878 1898 931 1931 οἱ,
961 1892 1070 1943 cujus
1101 1892 1147 1930 de
1173 1891 1420 1943 correptione

113 1972 227 1997 nemo
255 1958 473 2011 reperietur
510 1959 576 2010 qui
605 1960 758 2013 cogitet.
826 1960 945 2006 Quod
977 1968 1101 1998 autem
1129 1960 1420 2011 conjunctivum

113 2031 216 2073 ἔχῃσι
239 2027 370 2065 intulit
396 2037 486 2081 post
506 2030 720 2081 optativum
747 2030 869 2079 ῥώοιτο
902 2028 1112 2076 Arctinus,
1142 2029 1292 2066 ratione
1320 2029 1420 2068 fecit.

114 2094 263 2133 Iambus
297 2096 398 2135 enim
437 2113 555 2150 quum
588 2112 700 2136 crura
741 2099 1025 2149 distorquerct,
1077 2097 1149 2134 hoc
1191 2097 1423 2148 sequebatur

116 2171 246 2202 mente
274 2171 387 2215 atque
419 2166 674 2219 cogitatione,
712 2175 757 2205 ut
784 2167 931 2205 firmius
961 2174 1097 2204 staret:
1128 2166 1223 2204 illud
1252 2166 1424 2205 omnium

113 2232 328 2271 intellectui
351 2234 543 2272 reclusum
573 2244 656 2285 est,
707 2237 872 2275 statione
901 2249 987 2273 eum
1023 2243 1117 2273 tunc
1145 2249 1309 2273 usurum
1338 2235 1423 2273 for-

111 2303 214 2341 tiore
251 2315 415 2353 eumque
444 2302 688 2342 distorsionis
726 2304 905 2342 effectum
943 2317 1021 2340 non
1061 2313 1206 2355 puncto
1235 2304 1422 2356 temporis

112 2371 340 2424 periturum.
400 2370 465 2408 Illa
487 2379 612 2410 autem
636 2374 805 2412 membra
832 2373 1073 2411 distendendi
1101 2373 1200 2411 actio
1229 2380 1426 2411 momento

113 2440 301 2492 temporis
331 2440 639 2493 transigebatur,
669 2442 828 2480 effectus
852 2441 1000 2479 mansit.
1060 2443 1180 2489 Quod
1207 2441 1328 2494 igitur
1355 2442 1426 2480 du-

114 2508 214 2546 ratio
245 2515 284 2546 et
325 2508 564 2547 continuatio
594 2508 754 2548 actionis
796 2525 905 2562 saepe
938 2509 1144 2561 respicitur
1168 2510 1209 2547 in
1238 2510 1429 2561 ejusmodi

119 2577 333 2618 enunciatis
357 2577 550 2624 finalibus,
579 2577 669 2616 hinc
695 2578 753 2627 fit,
781 2587 826 2616 ut
854 2579 893 2616 in
921 2579 1042 2617 verbo
1068 2583 1159 2622 ἔχειν
1186 2577 1430 2630 potissimum
