1677 3059
541 255 606 262 .-
731 223 792 274 97
914 249 979 259 .-

106 365 398 430 intelligatur‚
456 380 607 410 omnes
644 362 735 410 fere
768 370 921 427 poetas
954 357 1153 426 superari
1195 355 1249 404 ab
1285 357 1420 424 Ibyco

105 446 376 495 vehementia
405 444 592 502 amoris,
624 440 787 491 similes
820 441 987 507 aliquot
1019 451 1250 507 poetarum
1284 439 1421 499 locos,

105 527 152 574 in
188 526 351 592 quibus
385 526 538 574 eadem
573 541 777 590 expressa
812 521 1026 570 sententia
1063 531 1154 578 est,
1192 518 1321 568 libuit
1357 521 1421 568 af-

106 606 234 654 ferre.
303 606 553 654 Archiloch.
592 606 718 668 frgm.
756 603 953 652 LXXVI.
988 598 1153 648 Liebel.
1209 601 1340 652 Ἀλλά
1371 607 1420 658 μ’

103 689 132 734 ὁ
161 690 434 752 λυσιμελὴς,
472 681 510 735 ὦ
540 693 709 749 ’ταῖρε,
741 685 977 740 δάμναται
1009 682 1170 729 πόθος.
1222 680 1419 728 Alcman,

106 767 235 831 frgm.
271 769 431 815 XXVI.
471 766 654 813 Welck.
709 765 849 827 Ἔρως
884 782 939 819 με
973 765 1014 810 δ’
1045 753 1158 807 αὖτε
1194 762 1423 822 Κύπριδος

104 851 237 896 ἕκατι
270 849 449 898 Γλυκυς
487 851 708 909 κατείβων
742 849 941 906 καρδίαν
972 846 1114 890 ἰαίνει.
1193 840 1418 907 Sapphon.

106 928 235 991 frgm.
271 927 494 975 XXXVII.
531 927 665 973 Neue.
712 924 840 985 Ἔρος
873 915 1013 981 δηῦτε
1049 927 1098 979 μ’
1128 925 1154 969 ὁ
1183 926 1423 981 λυσιμελὴς

107 1013 255 1074 δονεῖ,
289 1009 605 1070 γλυκύπικρον
635 1008 881 1063 ἀμάχανον
914 1004 1117 1066 ὄρπετον.
1152 1033 1215 1041 --
1261 1011 1422 1052 κυανέ-

106 1105 226 1135 οισιν
255 1089 346 1135 ὑπὸ
384 1089 624 1149 βλεφάροις
632 1105 656 1149 ‚⁴
691 1091 937 1145 κυανέῃσιν
969 1083 1249 1132 Siebenkees.
1318 1086 1420 1134 Vel-

108 1165 195 1214 lem
231 1177 451 1215 constaret
493 1177 639 1213 utrum
673 1166 722 1213 id
766 1184 815 1212 ex
851 1164 979 1212 codd.
1018 1164 1221 1212 haustum
1265 1166 1321 1212 sit
1365 1186 1420 1213 an

110 1246 249 1294 errori
298 1247 522 1294 debeatur.
608 1244 784 1309 Quodsi
829 1243 939 1291 illud
983 1255 1120 1302 esset,
1180 1248 1421 1312 composita

109 1328 225 1376 soret
257 1328 335 1386 lis,
372 1346 483 1393 quae
518 1328 678 1392 agitata
714 1326 768 1373 de
801 1326 1014 1373 Hesiodio
1040 1325 1112 1372 illo
1151 1325 1267 1373 Scut.
1291 1327 1417 1374 Herc.

109 1411 154 1457 7.
190 1411 430 1473 βλεφάρων
458 1411 554 1456 α’πό
586 1409 825 1457 κυανεάων
857 1407 971 1454 inter
989 1407 1105 1453 viros
1131 1406 1283 1454 doctos
1308 1424 1419 1452 non-

112 1489 219 1537 dum
245 1489 460 1553 dirempta
484 1498 570 1545 est,
609 1507 745 1554 quum
781 1487 852 1534 alii
880 1505 1035 1533 novam
1060 1488 1244 1534 sormam
1268 1491 1299 1545 ἡ
1322 1493 1419 1550 βλε-

111 1571 238 1632 φάρη
268 1569 500 1616 commenti
526 1569 636 1626 sint,
673 1569 745 1616 alii
770 1562 835 1631 α,
874 1567 1085 1614 insertum
1119 1579 1292 1632 praeter
1326 1586 1419 1613 mo-

110 1667 225 1709 rem,
259 1649 545 1698 Doriensium
577 1667 670 1696 esse
693 1648 862 1705 dicant,
897 1668 933 1694 v.
957 1646 1178 1694 Heinrich.
1204 1657 1244 1693 et
1268 1647 1420 1693 Goett-

109 1727 242 1792 ling,
297 1729 362 1776 cll.
398 1730 560 1776 Buttm.
608 1729 685 1776 Gr.
720 1747 830 1775 max.
866 1728 887 1774 I
899 1764 910 1784 ‚
954 1746 996 1792 p.
1029 1729 1132 1774 153.
1234 1726 1283 1772 Si
1322 1744 1420 1773 vere

109 1808 273 1876 Ibycus
303 1809 553 1875 scripsisset
585 1814 830 1868 κυανέῃσιν
856 1808 948 1854 υπὸ
974 1808 1238 1871 βλεφάροις,
1270 1810 1302 1867 ἡ
1326 1813 1421 1869 βλέ-

109 1907 257 1952 φαρος
297 1908 459 1938 novum
501 1889 763 1935 vocabulum
807 1888 955 1936 lexicis
997 1887 1110 1934 soret
1154 1887 1419 1951 addendum.

109 1967 249 2015 Modo
283 1969 509 2017 Bekkerus
548 1969 603 2016 de
636 1969 762 2016 libris
793 1969 885 2016 suis
921 1969 1084 2016 referre
1114 1968 1332 2015 voluisset.
1360 1998 1420 2004 —

108 2049 371 2110 βλεφάροισι
404 2069 503 2097 cum
537 2049 633 2098 cod.
665 2050 856 2097 Darnist.
891 2049 1167 2106 Huschkius‚
1202 2048 1333 2094 finem
1357 2047 1421 2093 fa-

111 2126 230 2174 ciens
264 2147 427 2177 versus.
518 2135 735 2193 Βλέφαρα
764 2133 936 2178 κυάνεα
972 2140 1012 2175 et
1045 2140 1209 2176 veteres
1250 2128 1294 2174 in
1330 2127 1423 2173 lau-

111 2205 246 2254 dibus
268 2209 494 2272 ponebant
518 2221 559 2257 et
584 2229 703 2258 nunc
724 2222 908 2276 ponunt.
946 2240 1006 2247 -
1072 2212 1224 2270 τακέρ’
1249 2208 1425 2264 ὄμμασι

243 2356 279 2391 h.
305 2357 330 2392 l.
374 2360 527 2394 »Amor
552 2374 687 2396 rursus
714 2363 838 2406 ulique
868 2362 1024 2395 ceruleis
1052 2360 1121 2393 sub
1145 2361 1338 2404 palpebris
1365 2373 1426 2392 re-

233 2425 432 2467 frigerata
470 2427 585 2459 oculis
613 2428 852 2469 conspicatus
883 2426 1176 2460 demulcimcntt's
1215 2426 1427 2468 amussim-iis

242 2490 283 2522 in
312 2490 463 2533 infinita
491 2491 588 2522 retia
615 2491 785 2534 Cypridtss·
807 2493 895 2532 jecit
915 2492 1089 2532 jaculum
1116 2492 1296 2523 tremensi
1318 2491 1426 2524 inva-

245 2556 360 2595 dens,
389 2557 488 2588 unde
515 2556 656 2596 regalis
684 2567 799 2598 equus
820 2555 1036 2599 palmarius
1065 2554 1103 2585 in
1124 2556 1227 2587 senio
1249 2561 1430 2589 exercens

246 2632 331 2654 cum
360 2621 534 2654 curribus
562 2620 631 2653 diis
657 2620 695 2652 in
720 2632 893 2662 pugnam
925 2618 1083 2652 incessit.
1096 2629 1113 2643 «

1123 2684 1153 2729 7
