1677 3059
656 178 1095 225 -38-

224 328 330 364 tium
363 327 404 364 et
437 317 681 366 seeundum
715 334 877 366 casum.
944 318 1078 362 Ῥοαί
1105 321 1156 362 ἐκ
1176 334 1276 364 ποτ.
1313 327 1413 363 sunt
1437 315 1529 363 fere

223 401 329 460 ρὀαί
355 405 609 466 ποταμίαι,
653 411 702 445 ut
745 399 871 460 origo
901 414 1049 443 rerum
1090 396 1210 461 apud
1255 397 1448 444 Graecos
1490 406 1532 443 et

222 479 403 527 Latinos
447 478 601 525 vocula
644 483 724 543 ἐκ,
782 481 915 543 abab,
970 479 1029 525 ab
1074 476 1353 539 designatur,
1401 475 1532 523 veluti

225 559 390 624 Sappli.
428 560 555 622 frgm.
591 560 710 607 XIX.
745 562 895 623 ρ’ὁδων
927 562 1020 607 τῶν
1051 563 1103 606 ἐκ
1135 564 1312 621 Πιερίας
1346 569 1386 606 et
1421 575 1534 623 quae

225 640 308 687 alia
342 652 446 688 sunt
480 658 547 706 ap.
585 642 773 688 Neuium
807 660 849 706 p.
887 643 962 688 52.
1040 641 1136 686 Hoc
1165 651 1310 687 tamen
1341 639 1535 698 interest,

225 722 349 786 quod
376 726 481 785 ρὀαἰ
513 727 564 769 ἐκ
584 739 700 769 ποτ.
735 721 876 768 vivide
901 722 1092 787 pingunt
1123 720 1287 768 rivulos
1320 739 1370 767 ex
1391 719 1534 768 fluviis

226 802 439 850 deductos
464 802 522 849 ad
544 803 844 866 irrigationem
866 821 1086 866 agrorum.
1117 833 1179 840 —-
1250 802 1376 865 Quae
1401 822 1537 868 quum

224 885 282 930 ita
318 884 427 941 sint,
481 883 569 947 jam
617 901 745 929 nemo
792 882 1101 949 astipulabitur
1134 882 1297 930 Fiorill.
1337 882 1456 932 obss.
1491 885 1540 932 in

225 963 327 1010 Atli.
363 983 405 1028 p.
443 964 516 1014 6-1.
565 964 816 1028 conjicienti
863 972 989 1026 ρὀαῖς
1033 982 1202 1011 »5611511
1242 965 1541 1030 postulante‚«

226 1056 288 1091 ut·
308 1044 506 1091 affirmat.
599 1043 727 1106 Quae
776 1043 895 1091 idem
939 1044 1142 1108 ascripsit
1183 1044 1238 1091 (16
1273 1046 1426 1093 formis
1462 1047 1543 1110 ἄρ-

227 1132 344 1191 δειν,
395 1127 600 1188 ἀρδεύειν
610 1161 629 1190 ,
683 1143 776 1171 11011
812 1123 958 1172 minus
995 1124 1114 1172 falsa
1157 1137 1270 1172 sunt.
1361 1127 1543 1176 Rectius

227 1206 389 1253 Eichst.
415 1207 469 1254 de
497 1207 635 1254 (113111.
667 1216 900 1253 com-sat.
930 1224 973 1271 p.
1001 1206 1124 1264 144,
1159 1205 1350 1253 Lobeck.
1374 1207 1542 1275 Phryn.

227 1308 269 1353 p.
309 1290 415 1339 763.
451 1318 512 1324 -—
590 1291 632 1334 3.
668 1291 936 1350 Παρθένων.
1002 1288 1137 1334 Recte
1170 1288 1398 1347 Boisson.;
1441 1289 1545 1337 reli·-

230 1369 298 1416 eui
343 1375 491 1430 παρθ.
583 1368 781 1431 Intellige
831 1367 1125 1433 Hesperides,
1182 1386 1370 1433 quarum
1412 1387 1546 1417 aurea

229 1450 364 1506 mala,
403 1467 514 1513 quae
549 1448 682 1495 citrea
717 1448 855 1495 fuisse
890 1447 1187 1514 disputatione
1221 1448 1417 1496 efficiunt
1439 1468 1546 1497 con-

228 1532 347 1577 vivae
384 1530 543 1576 Athen.
579 1530 652 1575 III.
678 1521 729 1595 p.
763 1531 851 1588 83,
896 1529 1142 1576 nobilitavit
1177 1529 1395 1595 expeditio
1433 1531 1547 1577 Her-

230 1611 375 1667 culea;
423 1629 534 1675 quae
567 1628 636 1656 res
672 1610 719 1657 in
755 1630 912 1658 caussa
944 1611 1117 1658 videtur
1147 1612 1309 1668 fuisse,
1355 1621 1405 1657 ut
1438 1610 1546 1658 haec
1618 1673 1621 1676 Ι

229 1691 507 1757 potissimum
542 1691 788 1738 nominaret
816 1703 957 1757 poeta.
996 1721 1058 1728 —
1127 1696 1271 1749 κῆπος
1302 1693 1546 1754 ἀκήρατος.

230 1775 356 1820 Unus
392 1773 525 1820 Naek.
562 1772 588 1819 l.
628 1791 662 1820 c.
700 1775 859 1825 κᾶπος.
938 1775 1175 1835 Ἀκήρατοι
1208 1773 1300 1819 fere
1342 1771 1550 1819 dicuntur

231 1855 349 1916 agri⁷
386 1854 529 1912 horti,
571 1866 696 1920 prata
726 1855 950 1912 Deorum,
987 1865 1035 1901 ut
1066 1854 1214 1921 hymn.
1250 1853 1377 1899 Hom.
1411 1854 1546 1902 Merc.

231 1938 304 1982 72.
350 1938 474 1982 θεῶν
509 1937 735 1996 μακάρων
766 1937 861 1998 βόες
892 1946 1080 2001 pascunt
1113 1937 1333 1991 λειμῶνας
1367 1938 1549 1995 ἀκηρα-

231 2022 364 2066 σίους.
435 2016 588 2080 Eurip.
622 2016 799 2081 Hippol.
830 2021 905 2068 73.
943 2014 1212 2081 Hippolytus
1241 2032 1447 2060 coronam
1472 2014 1549 2062 (16-

233 2098 348 2144 dicat
394 2096 564 2145 Dianae
608 2101 655 2148 ἐξ
702 2099 943 2158 ἀκηράτου
987 2098 1212 2152 λειμῶνος.
1258 2094 1337 2141 ubi
1370 2114 1407 2141 v.
1447 2096 1551 2144 Val-

233 2178 352 2224 cken.
389 2196 432 2242 p.
467 2178 571 2225 171.
606 2180 687 2236 D.‚
731 2177 909 2224 Ruhnk.
947 2177 1057 2222 Tim.
1093 2194 1134 2240 p.
1170 2176 1225 2222 11
1252 2194 1344 2241 sq.‚
1388 2175 1549 2224 Blomf.

233 2258 391 2305 Aeseh.
428 2259 550 2306 Pers.
591 2261 699 2311 620,
777 2259 878 2306 Alia
914 2258 968 2305 (16
1009 2276 1113 2304 voce
1150 2259 1387 2319 ἀκήρατος
1420 2257 1555 2305 habet

233 2339 365 2385 Nack.
400 2339 457 2385 ad
490 2340 766 2388 Choerileum
800 2340 910 2387 illud
944 2338 1181 2400 ἀκήρατος
1213 2341 1410 2404 λειμών,
1459 2338 1484 2385 l.
1515 2357 1550 2385 c.

234 2420 528 2486 Hesperidum
573 2422 728 2469 hortus
773 2432 915 2468 autem
949 2423 1086 2482 οέκήρ.
1125 2432 1215 2478 est,
1275 2421 1379 2485 quia
1420 2418 1550 2466 nullis

236 2502 438 2549 turbatus
483 2502 802 2550 calamitatibus
834 2521 932 2550 vere
981 2499 1240 2560 efflorescit,
1291 2519 1369 2549 seu
1404 2511 1452 2547 ut
1485 2498 1550 2545 lo-

237 2599 348 2644 quar
384 2601 482 2630 cum
513 2584 617 2631 Eur.
655 2583 681 2630 1.
719 2602 752 2630 6.
