1677 3059
673 230 736 237 -.
876 200 906 246 6
1047 231 1113 239 .-.

240 341 386 388 civitas
431 340 536 399 fuit,
597 339 916 406 Spartanorum
950 339 1136 405 imperio
1172 338 1375 399 subdita,
1431 342 1547 389 circa

240 420 417 488 Olymp.
455 422 866 487 quinquagesimam
899 422 991 469 fere
1025 420 1263 478 exstitisse,
1299 423 1375 486 qui
1410 422 1547 469 histo-

239 502 349 549 riam
371 502 559 549 condere
578 501 910 567 periclitaretur,
977 502 1131 565 Neque
1153 519 1255 547 vero
1279 501 1424 560 habet,
1458 522 1546 568 quo

241 582 569 630 commendetur
603 581 752 646 opinio
787 581 1015 639 Creuzeri,
1053 581 1128 646 qui
1159 582 1206 628 in
1239 580 1352 629 libro
1380 583 1434 631 de
1458 596 1549 632 arte

242 663 340 709 hist.
379 664 455 710 Gr.
492 679 535 728 p.
571 663 645 710 68.
683 663 727 709 in
765 683 859 711 eam
900 663 1027 710 abeat
1071 663 1353 722 sententiam,
1410 677 1459 712 ut
1492 665 1550 712 ad

242 744 429 811 cyclicos
475 755 627 809 poetas
669 744 957 809 rejiciendum
996 744 1255 809 suspicetur.
1341 745 1393 792 Id
1430 747 1552 811 quod

241 824 289 871 in
318 836 437 872 tanto
473 836 668 872 veterum
703 826 1012 888 magistrorum
1042 823 1215 871 silentio
1247 824 1457 872 audacius
1488 826 1552 872 vi-

243 905 383 953 detur.
450 908 563 955 Nam
593 906 692 953 licet
726 917 921 964 teneam,
956 916 1108 971 poetas
1143 905 1290 971 epicos
1328 924 1428 963 eos,
1475 907 1553 971 qui

242 988 497 1035 Hesiodiam
529 988 666 1035 secuti
693 986 886 1034 scholam
917 988 962 1034 in
995 987 1094 1051 ipsa
1124 986 1310 1033 Graecia
1338 987 1552 1045 vixerunt,

244 1069 451 1132 quoniam
474 1068 760 1134 logograpliis
783 1069 894 1114 viam
917 1068 1175 1124 munissent,
1205 1067 1426 1114 interdum
1447 1086 1555 1133 poe-

244 1159 309 1195 tas
346 1149 432 1196 dici
465 1151 721 1208 historicos,
777 1150 823 1195 in
856 1147 1018 1212 quibus
1056 1160 1121 1196 est
1154 1148 1362 1196 Eumelus
1399 1147 1555 1194 Corin-

245 1230 378 1287 thius,
410 1252 446 1278 v.
474 1231 619 1278 Schol.
642 1230 771 1278 Pind.
796 1229 866 1277 Ol.
890 1229 1009 1286 XIII,
1039 1231 1131 1288 74,
1167 1231 1308 1276 Tzetz.
1333 1228 1554 1295 Lycophr.

248 1311 367 1359 Cass.
404 1313 533 1371 174,
579 1324 722 1359 tamen
759 1314 982 1373 ἱστορικοί
1015 1313 1122 1376 quin
1156 1311 1294 1358 vocati
1329 1309 1417 1357 sint
1451 1309 1557 1356 sim-

245 1392 439 1457 pliciter,
473 1413 568 1460 non
598 1393 747 1440 addita
777 1403 1006 1458 poetarum
1041 1391 1356 1458 appellatione,
1401 1409 1557 1454 magn-

248 1491 380 1539 opere
424 1475 592 1523 dubito.
678 1474 816 1537 Quod
852 1484 993 1520 autem
1029 1473 1147 1520 idem
1183 1473 1423 1519 Creuzerus
1457 1470 1483 1518 l.
1520 1489 1556 1519 c.

248 1556 394 1618 ponit,
432 1555 754 1621 logographum
788 1553 1043 1622 Polyzelum
1080 1573 1173 1602 esse
1208 1554 1431 1620 potuisse,
1467 1573 1559 1600 non

249 1635 394 1682 minus
428 1636 674 1683 rationibus
707 1635 961 1683 destitutum
993 1636 1165 1683 videtur
1188 1635 1386 1692 idoneis,
1424 1653 1561 1700 quum
1609 1697 1613 1701 Α

250 1714 435 1782 Dionys.
471 1718 566 1764 Hal.
603 1718 658 1765 de
697 1716 834 1763 Thuc.
871 1716 963 1781 jud.
989 1716 1061 1763 VI.
1097 1736 1139 1782 p.
1167 1718 1275 1765 817.
1309 1716 1458 1763 Reisk.
1491 1717 1561 1764 vix

250 1796 469 1845 omisisset
504 1798 570 1846 vel
603 1798 737 1845 verbo
773 1815 1113 1844 commemorare
1147 1797 1368 1844 hominem
1407 1798 1560 1861 singu-

253 1876 413 1937 larem,
471 1880 722 1946 complexus
762 1896 836 1925 eos
875 1877 1109 1925 historicos
1149 1877 1429 1935 vetustiores,
1484 1878 1560 1942 qui

254 1958 436 2006 alterum
471 1960 671 2007 ordinem
706 1957 1016 2026 Thucydidem
1048 1976 1408 2026 praegressorum
1441 1969 1562 2006 ante-

255 2051 490 2087 cesserunt.
577 2041 640 2086 Ut
677 2057 827 2086 verum
862 2040 998 2102 igitur
1037 2039 1276 2097 fateamur,
1323 2039 1470 2086 omnia
1502 2040 1564 2088 ita

256 2120 417 2166 incerta
453 2131 555 2167 sunt
587 2131 627 2167 et
661 2119 854 2177 lubrica,
891 2131 939 2169 ut
971 2118 1100 2166 aliam
1132 2118 1347 2167 rationem
1380 2139 1564 2188 eamque

259 2200 601 2264 probabiliorem
637 2200 1077 2266 circumspiciendam
1112 2218 1378 2248 censeamus.

386 2282 586 2345 Namque
626 2292 732 2327 leste
768 2280 910 2327 Strab.
946 2282 1018 2328 VI.
1054 2300 1095 2347 p.
1128 2282 1236 2328 258.
1271 2282 1367 2328 CaS.
1403 2300 1450 2330 se
1485 2284 1563 2330 ad-

260 2363 494 2424 junxerunt
528 2360 892 2409 Chalcidensibus
924 2363 1141 2428 Apollinis
1177 2362 1380 2428 Delphici
1416 2375 1563 2410 aucto-

260 2443 383 2488 ritate
428 2443 648 2506 Rhegium
696 2443 910 2491 coloniam
955 2443 1155 2509 petituris
1199 2447 1280 2490 καί
1312 2448 1355 2490 οἱ
1387 2452 1563 2500 Μεσση-

261 2530 366 2569 νίων
401 2526 601 2585 φυγάδες
635 2528 728 2572 τῶν
761 2530 808 2572 ἐν
838 2525 1202 2588 Πελοποννήσῳ,
1252 2541 1565 2571 καταστασια-

263 2610 443 2654 ωθέντες
466 2607 555 2652 ὑπὸ
582 2609 674 2653 τῶν
706 2610 770 2664 μή
790 2612 1075 2668 βουλομένων
1109 2609 1268 2652 δοῦναι
1299 2610 1426 2654 δίκας
1455 2606 1567 2664 ὑπὲρ
