1677 3059
571 227 636 234 ..-
760 198 815 243 91
945 224 1011 232 —.

138 350 345 402 tanquam
374 337 539 385 Boreas
574 353 734 401 magna
763 353 863 383 cum
895 335 938 382 vi
968 335 1107 383 Amor
1137 334 1183 394 in
1210 354 1278 383 me
1306 336 1443 384 irruit.

134 422 266 466 Ὥστε
305 418 459 466 eodem
493 418 626 466 modo
659 417 885 482 usurpavit
918 415 1083 481 Ibycus
1119 414 1246 479 frgm.
1282 416 1338 475 II,
1375 419 1445 475 6.;

140 504 189 546 δὲ
224 510 368 546 autem
400 511 502 565 post
535 498 811 546 enunciatum
854 515 1022 561 negans
1058 495 1176 542 haud
1219 515 1320 544 raro
1355 497 1446 545 for-

141 579 226 626 tius
259 580 555 638 efferendum,
591 580 669 626 ubi
705 589 976 643 exspectetur
1008 579 1166 642 οἷλλόε,
1210 597 1245 625 v.
1284 578 1447 627 Sebae-

140 659 217 707 fer.
251 660 439 725 append.
475 662 593 707 Bast.
633 679 699 725 ep.
737 659 827 706 crit.
864 676 906 722 p.
943 659 1006 704 29
1032 676 1095 722 sq.
1134 689 1194 695 —-
1255 665 1447 721 φλέγων.

140 742 291 808 Steph.
325 759 406 807 per
438 759 628 788 errorem
663 746 828 801 φλέγω.
905 738 1160 785 Fortissime
1192 738 1358 786 dictum
1392 739 1448 787 de

139 822 315 869 turbine
350 839 401 868 ex
435 821 656 885 frequenti
691 819 974 867 translatione
1009 818 1142 883 hujus
1170 831 1211 866 et
1241 820 1448 868 similium

139 902 316 960 verbb.,
362 921 399 948 v,
444 902 634 948 Brunck.
671 901 829 949 Aesch.
866 902 1011 948 Perss.
1056 903 1163 948 393.
1256 901 1370 948 Tum
1407 912 1449 950 et

136 982 236 1029 ideo
272 982 313 1029 h.
349 981 374 1028 l.
412 982 603 1047 positum
638 994 724 1039 est,
780 982 884 1046 quia
917 982 1082 1027 Boreas
1118 980 1284 1044 ingruit
1322 985 1449 1048 quasi

137 1062 297 1110 ardens
340 1062 600 1109 fulminibus
635 1064 781 1127 ipsum
817 1063 1057 1119 comitatis;
1113 1063 1196 1110 hoc
1233 1064 1347 1110 enim
1385 1075 1449 1110 est

137 1145 229 1191 ὑπὸ
263 1147 488 1205 στεροπᾶς
518 1151 625 1207 φλ.)
664 1155 710 1189 ut
744 1144 870 1189 Hom.
907 1142 954 1188 Il.
991 1144 1065 1201 IV,
1099 1146 1207 1191 276.
1243 1146 1333 1190 ὑπὸ
1369 1155 1449 1192 Ζε-

139 1233 302 1286 φυροῖο
339 1226 458 1282 ἰωῆς.
514 1224 644 1281 XIII,
683 1225 789 1270 796.
834 1228 976 1279 οὲἑλλη
1002 1226 1105 1270 ’ὑπὸ
1148 1228 1347 1287 βροντῆς.
1386 1255 1448 1262 -

139 1305 179 1351 6.
219 1310 439 1367 Θρηίκιος.
510 1304 648 1351 Codd.
673 1306 724 1352 A.
750 1306 800 1351 B.
822 1310 1059 1366 θρηΐκοις,
1094 1305 1141 1351 P.
1166 1308 1216 1352 V.
1241 1308 1288 1352 L.
1313 1314 1449 1369 θρηϊ-

139 1391 266 1450 κίοις,
303 1384 454 1451 Steph.
495 1392 743 1447 Θρηϊκίους.
811 1388 976 1432 Verum
1009 1385 1117 1431 vidit
1153 1385 1346 1442 Fiorillo,
1381 1386 1449 1433 in-

137 1466 253 1512 scius
286 1466 402 1513 idem
439 1466 494 1512 ab
530 1466 696 1512 Ursino
730 1477 990 1530 occupatum
1028 1484 1144 1521 esse;
1181 1465 1257 1511 cfr.
1283 1464 1336 1511 de
1367 1465 1450 1513 hac

134 1546 275 1593 forma
308 1544 556 1592 Mehlhorn.
591 1546 852 1592 Anacreont.
887 1566 928 1611 p.
954 1548 1062 1592 211.
1134 1545 1349 1591 Thracius
1372 1563 1450 1591 au-

135 1638 221 1675 tem
255 1628 421 1673 Boreas
457 1625 662 1671 omnibus
699 1627 840 1690 poetis
872 1637 1106 1691 tempestas
1142 1624 1450 1682 furiosissima,

137 1706 214 1754 cfr.
250 1708 376 1754 Hom.
412 1706 458 1753 ll.
494 1706 571 1762 IX,
609 1708 676 1762 5.,
725 1707 827 1752 Hes.
867 1706 983 1771 Opp.
1019 1706 1125 1753 551.
1163 1716 1204 1752 et
1237 1705 1311 1769 qui
1345 1705 1452 1772 Iby-

137 1787 253 1835 cium
298 1786 442 1834 locum
499 1787 728 1852 usurpavit
771 1786 1009 1833 Mitscherl.
1059 1787 1163 1832 Hor.
1200 1785 1231 1831 I.
1275 1804 1450 1832 carmm.

134 1870 224 1926 25,
257 1886 301 1933 p.
337 1868 446 1916 244.
485 1897 545 1904 ——
625 1870 667 1915 7.
703 1871 915 1921 ἀζαλέαις
946 1884 1053 1924 μαν.
1100 1868 1230 1913 siccis
1260 1866 1454 1928 furori-

136 1949 247 2006 bus,
280 1948 322 1995 h.
352 1967 386 1995 e.
411 1948 704 2007 siccantibus,
739 1960 788 1995 ut
810 1948 955 2014 Apoll.
979 1948 1063 1995 Rh.
1089 1948 1165 2004 IV,
1199 1947 1304 1993 679.
1338 1948 1454 1999 οέζα-

137 2032 231 2078 Mos
261 2031 399 2086 ἥλιος.
466 2035 713 2078 Μανιάισιν
746 2029 1013 2076 recentiores
1050 2047 1101 2075 cx
1131 2025 1225 2074 cod.
1251 2026 1329 2083 Β.,
1363 2043 1455 2082 μοι·

137 2113 252 2159 νέαις
282 2109 331 2155 P.
361 2111 412 2156 V.
450 2110 515 2167 L.,
551 2109 720 2176 Steph.,
756 2112 856 2157 Urs.
896 2139 958 2148 —
1026 2109 1219 2170 ἐρεμνὸς.
1288 2105 1454 2152 Turbi-

139 2186 250 2245 dus,
283 2187 507 2236 horribilis
540 2201 695 2257 poetae
733 2190 893 2237 dicitur
927 2191 1067 2237 Amor
1103 2187 1334 2235 furoribus
1369 2186 1456 2233 sic-

141 2267 216 2314 cis.
299 2266 462 2314 Subest
492 2269 637 2334 imago
671 2272 866 2329 Boreae,
916 2289 983 2335 ap.
1007 2271 1135 2316 Hom.
1173 2275 1346 2326 λαῖλαψ
1378 2272 1456 2328 ἐρ-

141 2349 310 2404 εμνήε
348 2349 424 2412 qui
459 2348 556 2396 licet
584 2351 839 2414 fulguribus
873 2350 1115 2397 illustratus
1150 2349 1352 2411 ingruat,
1390 2358 1456 2392 ta-

141 2446 241 2475 men
279 2428 406 2475 etiam
445 2429 650 2478 tenebras
696 2431 890 2478 offundit
930 2429 1185 2494 caelumque
1230 2427 1458 2473 contristat

143 2507 352 2555 nubibus.
423 2508 486 2554 Ita
510 2510 651 2556 Amor
672 2528 874 2558 serenum
894 2522 1024 2574 atque
1044 2506 1329 2572 tranquillum
1349 2523 1457 2571 poe-

142 2599 212 2635 tae
234 2589 428 2635 animum
455 2589 605 2636 turbat
627 2589 856 2637 furoribus
883 2589 1116 2637 amatoriis.
1168 2589 1263 2634 Pro<
1278 2587 1458 2648 ἐρεμνὸς
