1677 3059
541 251 603 258 --
709 221 800 270 147
908 250 972 259 ——

100 379 175 412 τος
186 380 211 425 ,-
245 361 350 409 alias
383 361 521 409 facete
554 373 594 409 et
623 373 672 409 ut
704 360 860 425 vulgus
896 371 1033 418 amat,
1068 372 1222 426 poetae
1256 363 1302 410 in
1324 364 1405 411 hac

98 460 146 488 re
180 441 360 500 ludunt,
394 454 442 489 ut
474 441 623 509 hymn.
656 443 781 489 Hom.
810 443 930 499 XIX,
966 441 1042 489 47.

163 526 299 571 Πᾶνοε
320 529 369 571 δέ
396 541 475 579 μιν
495 528 767 587 καλέεσκον,
802 524 874 571 ὅτι
895 528 1038 585 φρένα
1057 524 1199 571 πᾶσιν
1218 526 1404 584 ἔτερψεν.

100 602 212 650 Sunt
258 603 405 651 etalii
449 621 556 649 usus
591 602 723 668 hujus
769 602 859 664 rei,
908 622 1019 670 quos
1063 602 1132 651 his
1178 603 1406 672 complecti

99 701 250 732 omnes
285 702 375 732 non
406 683 490 731 fert
524 683 707 732 animus.

226 763 346 812 Nihil
373 782 491 810 nunc
514 775 648 811 restat
676 764 761 810 nisi
793 774 841 810 ut
866 763 1081 827 quaedam
1110 763 1324 811 addamus
1352 765 1406 812 de

96 844 382 904 Ἀρκεισιάδη.
450 843 552 889 Fuit
580 847 810 906 Ἀρκείσιος
840 855 963 908 pater
996 845 1202 901 Laertae,
1241 844 1405 910 Odyss.

97 922 215 981 XVI,
253 923 357 972 118.
402 924 503 971 Non
537 935 734 971 rarenter
766 924 882 971 enim
915 923 969 971 ab
1004 943 1182 970 avorum
1217 926 1406 971 nomini-

98 1003 183 1050 bus
219 1003 395 1067 gentilia
433 1004 705 1051 descendunt
738 1015 962 1070 nepotum,
999 1015 1046 1050 ut
1066 1003 1259 1051 Achilles
1293 1006 1408 1052 Aea-

98 1083 245 1140 cides,
306 1090 518 1146 Ὀρέστης
560 1091 882 1141 Πλεισθενιδης
927 1102 995 1149 ap.
1046 1082 1229 1131 Stesich.
1279 1082 1406 1146 srgm.

97 1164 262 1220 XLIII,
318 1164 694 1226 Agamemnonem
729 1165 843 1211 enim
880 1176 1004 1210 erant
1039 1164 1113 1228 qui
1149 1182 1237 1209 non
1269 1165 1406 1221 Atrei,

99 1244 178 1291 sed
215 1243 451 1291 Plisthenis
479 1244 787 1309 perhiberent,
830 1257 878 1291 ut
896 1246 1144 1303 Hesiodus,
1183 1245 1260 1291 cfr.
1286 1245 1333 1291 E.
1359 1246 1405 1291 L.

100 1325 154 1372 de
179 1324 380 1372 Leutsch.
409 1336 560 1371 noster
580 1324 795 1371 Thebaid.
821 1324 926 1391 cycl.
956 1325 1077 1390 reliq.
1106 1345 1148 1391 p.
1175 1327 1258 1382 16,
1295 1325 1407 1372 adde

99 1404 241 1452 Tzetz.
284 1423 450 1468 exeges.
487 1406 532 1451 in
567 1405 688 1452 Iliad.
724 1425 767 1471 p.
802 1407 878 1463 68,
915 1410 979 1453 20
1006 1425 1102 1470 sqq.
1168 1407 1210 1453 A
1243 1424 1405 1470 proavo

99 1484 235 1543 adeo,
270 1485 628 1533 honorificentius
662 1485 708 1532 id
746 1486 1031 1544 censebatur,
1065 1487 1254 1533 Perseus
1289 1487 1407 1548 Age-

98 1565 279 1613 norides
317 1567 459 1614 dictus
505 1567 634 1614 Ovid.
669 1568 772 1613 Met.
809 1568 883 1625 IV,
920 1569 1055 1623 771.‚
1105 1565 1266 1613 Talaus
1305 1567 1408 1612 Cre-

98 1645 296 1694 theiades
331 1666 398 1712 ap.
435 1646 682 1695 Antimach.
718 1647 846 1710 frgm.
878 1649 1047 1705 XVIII,
1092 1647 1170 1694 csr.
1202 1647 1406 1694 Valcken.

96 1727 143 1774 in
171 1726 324 1793 Eurip.
348 1727 516 1775 Phoen.
539 1729 649 1779 425.
687 1738 727 1774 et
762 1746 874 1792 quae
910 1728 1111 1794 exposuit
1138 1728 1327 1775 Meinek.
1364 1729 1408 1774 in

97 1807 295 1874 Euphor.
326 1827 370 1874 p.
403 1810 478 1856 91.

551 1917 873 1957 Excursus
933 1918 959 1955 I.

191 1992 497 2032 Memorabamus
529 1993 658 2046 paullo
685 2002 773 2034 ante
793 1993 993 2033 Diomedis
1014 1992 1224 2046 marginem
1247 1993 1408 2031 Gottin-

96 2073 275 2113 gensem,
321 2062 368 2100 de
401 2075 479 2113 quo
510 2061 732 2114 explicatius
774 2062 954 2101 dicemus.
1023 2063 1148 2100 Tenet
1176 2061 1408 2100 bibliotheca

96 2128 212 2166 Acad.
243 2128 387 2183 Georg.
406 2130 508 2184 Aug.
533 2131 726 2183 exemplar
744 2131 943 2170 Diomedis
969 2132 1137 2168 Gramm.
1162 2130 1267 2181 Lips.
1294 2132 1406 2168 1542.

96 2200 132 2234 8.
164 2196 333 2246 editum,
361 2199 471 2250 cujus
498 2213 588 2238 orae
610 2200 785 2252 oppletae
804 2208 896 2238 sunt
917 2199 1203 2238 diversitatibus
1229 2199 1313 2237 cod.
1340 2213 1406 2237 ve-

95 2264 190 2302 teris
221 2265 383 2316 ejusque
409 2267 573 2318 perboni
601 2268 806 2321 diligenter
830 2268 1032 2319 excerptis.
1099 2266 1314 2305 Fuldanum
1342 2282 1407 2304 su-

96 2333 227 2385 spicor
252 2333 393 2371 librum
422 2348 529 2383 esse,
580 2349 657 2387 quo
700 2350 741 2374 se
774 2351 889 2375 usum
919 2334 1054 2373 scribit
1090 2335 1131 2373 in
1170 2336 1407 2374 emendando

94 2401 290 2453 praeclaro
331 2402 590 2440 Grammatico
626 2404 833 2443 Putschius
873 2403 989 2456 praef.
1022 2404 1190 2441 Gramm.
1229 2405 1310 2442 Lat.
1341 2405 1406 2442 Li-

93 2470 206 2510 brum
235 2470 344 2508 illum
375 2470 436 2509 vel
465 2471 627 2508 eundem
665 2485 749 2511 esse
779 2473 841 2512 vel
869 2472 1102 2525 persimilem
1128 2487 1245 2524 quum
1274 2473 1404 2511 multis

94 2539 329 2593 argumentis
355 2539 467 2578 liceat
489 2539 778 2589 demonstrare,
808 2541 1154 2580 demonstrabimus
1175 2555 1254 2579 uno
1278 2541 1405 2593 aliquo

94 2607 206 2657 loco,
240 2621 353 2660 quem
377 2608 464 2660 quia
494 2615 707 2646 memoratu
735 2609 892 2662 dignum
920 2609 1101 2648 habemus
1130 2623 1255 2661 neque
1279 2618 1404 2648 tamen

1092 2678 1190 2723 10*
