<?xml version="1.0" encoding="UTF-8"?>
<!DOCTYPE html PUBLIC "-//W3C//DTD XHTML 1.0 Transitional//EN"
    "http://www.w3.org/TR/xhtml1/DTD/xhtml1-transitional.dtd">
<html xmlns="http://www.w3.org/1999/xhtml" xml:lang="en" lang="en">
 <head>
  <title>
</title>
<meta http-equiv="Content-Type" content="text/html;charset=utf-8" />
  <meta name='ocr-system' content='tesseract 3.04.00' />
  <meta name='ocr-capabilities' content='ocr_page ocr_carea ocr_par ocr_line ocrx_word'/>
</head>
<body>
  <div class='ocr_page' id='page_1' title='image "./ibycirheginicarm00schnuoft_0027.png"; bbox 0 0 1677 3059; ppageno 0'>
   <div class='ocr_carea' id='block_1_1' title="bbox 400 669 1067 748">
    <p class='ocr_par' dir='ltr' id='par_1_1' title="bbox 400 669 1067 748">
     <span class='ocr_line' id='line_1_1' title="bbox 400 669 1067 748; baseline -0.001 -19"><span class='ocrx_word' id='word_1_1' title='bbox 400 669 1067 748; x_wconf 83' lang='lat' dir='ltr'><em>Praefatio.</em></span> 
     </span>
    </p>
   </div>
   <div class='ocr_carea' id='block_1_2' title="bbox 20 899 1401 2704">
    <p class='ocr_par' dir='ltr' id='par_1_2' title="bbox 20 899 1401 2704">
     <span class='ocr_line' id='line_1_2' title="bbox 85 899 1393 1005; baseline 0 -19"><span class='ocrx_word' id='word_1_2' title='bbox 85 899 317 1005; x_wconf 81' lang='lat' dir='ltr'><em>Cognito</em></span> <span class='ocrx_word' id='word_1_3' title='bbox 353 941 609 1005; x_wconf 83' lang='lat' dir='ltr'><em>lyricorum</em></span> <span class='ocrx_word' id='word_1_4' title='bbox 629 950 879 1005; x_wconf 86' lang='lat' dir='ltr'><em>poetarum</em></span> <span class='ocrx_word' id='word_1_5' title='bbox 895 941 1132 1005; x_wconf 73' lang='lat' dir='ltr'><em>principe,</em></span> <span class='ocrx_word' id='word_1_6' title='bbox 1167 940 1237 987; x_wconf 83' lang='lat' dir='ltr'><em>ad</em></span> <span class='ocrx_word' id='word_1_7' title='bbox 1255 958 1393 1005; x_wconf 76' lang='lat' dir='ltr'><em>quem</em></span> 
     </span>
     <span class='ocr_line' id='line_1_3' title="bbox 82 1021 1392 1083; baseline -0.002 -13"><span class='ocrx_word' id='word_1_8' title='bbox 82 1024 189 1083; x_wconf 91' lang='lat' dir='ltr'><em>Tu,</em></span> <span class='ocrx_word' id='word_1_9' title='bbox 221 1028 462 1073; x_wconf 85' lang='lat' dir='ltr'><em>DISSENJ</em></span> <span class='ocrx_word' id='word_1_10' title='bbox 484 1022 897 1079; x_wconf 81' lang='lat' dir='ltr'><strong>dilectissime,</strong></span> <span class='ocrx_word' id='word_1_11' title='bbox 934 1024 1170 1069; x_wconf 85' lang='lat' dir='ltr'><em>munieras</em></span> <span class='ocrx_word' id='word_1_12' title='bbox 1192 1021 1392 1080; x_wconf 81' lang='lat' dir='ltr'><em>aditum,</em></span> 
     </span>
     <span class='ocr_line' id='line_1_4' title="bbox 81 1101 1393 1167; baseline -0.001 -19"><span class='ocrx_word' id='word_1_13' title='bbox 81 1120 230 1167; x_wconf 78' lang='lat' dir='ltr'><em>quum</em></span> <span class='ocrx_word' id='word_1_14' title='bbox 263 1101 439 1164; x_wconf 76' lang='lat' dir='ltr'><em>lyricae</em></span> <span class='ocrx_word' id='word_1_15' title='bbox 473 1102 759 1148; x_wconf 84' lang='lat' dir='ltr'><em>Graecorum</em></span> <span class='ocrx_word' id='word_1_16' title='bbox 794 1102 911 1147; x_wconf 81' lang='lat' dir='ltr'><em>artis</em></span> <span class='ocrx_word' id='word_1_17' title='bbox 943 1102 1081 1146; x_wconf 90' lang='lat' dir='ltr'><em>initia</em></span> <span class='ocrx_word' id='word_1_18' title='bbox 1114 1109 1255 1165; x_wconf 75' lang='lat' dir='ltr'><em>atque</em></span> <span class='ocrx_word' id='word_1_19' title='bbox 1279 1119 1393 1164; x_wconf 90' lang='lat' dir='ltr'><em>pro-</em></span> 
     </span>
     <span class='ocr_line' id='line_1_5' title="bbox 79 1176 1392 1242; baseline -0.002 -17"><span class='ocrx_word' id='word_1_20' title='bbox 79 1197 268 1241; x_wconf 78' lang='lat' dir='ltr'><em>gressus</em></span> <span class='ocrx_word' id='word_1_21' title='bbox 299 1177 586 1242; x_wconf 62' lang='lat' dir='ltr'><em>explorandi</em></span> <span class='ocrx_word' id='word_1_22' title='bbox 614 1179 824 1240; x_wconf 79' lang='lat' dir='ltr'><em>agitarer</em></span> <span class='ocrx_word' id='word_1_23' title='bbox 855 1177 1105 1235; x_wconf 85' lang='lat' dir='ltr'><em>desiderio,</em></span> <span class='ocrx_word' id='word_1_24' title='bbox 1149 1176 1276 1223; x_wconf 77' lang='lat' dir='ltr'><em>nilzil</em></span> <span class='ocrx_word' id='word_1_25' title='bbox 1305 1178 1392 1224; x_wconf 77' lang='lat' dir='ltr'><em>lm-</em></span> 
     </span>
     <span class='ocr_line' id='line_1_6' title="bbox 83 1255 1395 1319; baseline 0 -17"><span class='ocrx_word' id='word_1_26' title='bbox 83 1255 250 1302; x_wconf 83' lang='lat' dir='ltr'><em>bebam</em></span> <span class='ocrx_word' id='word_1_27' title='bbox 294 1256 559 1319; x_wconf 81' lang='lat' dir='ltr'><em>antiquius,</em></span> <span class='ocrx_word' id='word_1_28' title='bbox 613 1273 760 1319; x_wconf 79' lang='lat' dir='ltr'><em>quam</em></span> <span class='ocrx_word' id='word_1_29' title='bbox 794 1264 845 1300; x_wconf 91' lang='lat' dir='ltr'><em>ut</em></span> <span class='ocrx_word' id='word_1_30' title='bbox 886 1273 1188 1319; x_wconf 73' lang='lat' dir='ltr'><em>quaecunque</em></span> <span class='ocrx_word' id='word_1_31' title='bbox 1230 1264 1395 1302; x_wconf 73' lang='lat' dir='ltr'><em>veteres</em></span> 
     </span>
     <span class='ocr_line' id='line_1_7' title="bbox 82 1332 1394 1397; baseline 0 -19"><span class='ocrx_word' id='word_1_32' title='bbox 82 1334 328 1397; x_wconf 82' lang='lat' dir='ltr'><em>scriptores</em></span> <span class='ocrx_word' id='word_1_33' title='bbox 371 1332 546 1395; x_wconf 77' lang='lat' dir='ltr'><em>legenti</em></span> <span class='ocrx_word' id='word_1_34' title='bbox 584 1341 873 1378; x_wconf 87' lang='lat' dir='ltr'><em>occurrerent</em></span> <span class='ocrx_word' id='word_1_35' title='bbox 916 1332 1161 1395; x_wconf 74' lang='lat' dir='ltr'><em>diligenter</em></span> <span class='ocrx_word' id='word_1_36' title='bbox 1196 1341 1394 1378; x_wconf 80' lang='lat' dir='ltr'><em>annota-</em></span> 
     </span>
     <span class='ocr_line' id='line_1_8' title="bbox 84 1408 1393 1472; baseline -0.001 -17"><span class='ocrx_word' id='word_1_37' title='bbox 84 1428 193 1455; x_wconf 85' lang='lat' dir='ltr'><em>rem.</em></span> <span class='ocrx_word' id='word_1_38' title='bbox 260 1410 406 1457; x_wconf 70' lang='lat' dir='ltr'><em>Brevi</em></span> <span class='ocrx_word' id='word_1_39' title='bbox 419 1418 577 1455; x_wconf 87' lang='lat' dir='ltr'><em>tamen</em></span> <span class='ocrx_word' id='word_1_40' title='bbox 595 1426 715 1472; x_wconf 87' lang='lat' dir='ltr'><em>prae</em></span> <span class='ocrx_word' id='word_1_41' title='bbox 745 1409 930 1456; x_wconf 86' lang='lat' dir='ltr'><em>relicuis</em></span> <span class='ocrx_word' id='word_1_42' title='bbox 959 1428 1031 1455; x_wconf 93' lang='lat' dir='ltr'><em>me</em></span> <span class='ocrx_word' id='word_1_43' title='bbox 1057 1408 1253 1456; x_wconf 72' lang='lat' dir='ltr'><em>advertit</em></span> <span class='ocrx_word' id='word_1_44' title='bbox 1281 1409 1393 1472; x_wconf 79' lang='lat' dir='ltr'><em>Iby-</em></span> 
     </span>
     <span class='ocr_line' id='line_1_9' title="bbox 84 1485 1393 1552; baseline -0.001 -20"><span class='ocrx_word' id='word_1_45' title='bbox 84 1504 165 1532; x_wconf 88' lang='lat' dir='ltr'><em>cus</em></span> <span class='ocrx_word' id='word_1_46' title='bbox 193 1485 464 1548; x_wconf 76' lang='lat' dir='ltr'><em>Rheginus‚</em></span> <span class='ocrx_word' id='word_1_47' title='bbox 501 1504 640 1552; x_wconf 82' lang='lat' dir='ltr'><em>quem</em></span> <span class='ocrx_word' id='word_1_48' title='bbox 660 1495 702 1532; x_wconf 88' lang='lat' dir='ltr'><em>et</em></span> <span class='ocrx_word' id='word_1_49' title='bbox 727 1485 1034 1533; x_wconf 78' lang='lat' dir='ltr'><em>Schilleriano</em></span> <span class='ocrx_word' id='word_1_50' title='bbox 1059 1487 1262 1533; x_wconf 82' lang='lat' dir='ltr'><em>carmine</em></span> <span class='ocrx_word' id='word_1_51' title='bbox 1278 1503 1393 1549; x_wconf 87' lang='lat' dir='ltr'><em>pue-</em></span> 
     </span>
     <span class='ocr_line' id='line_1_10' title="bbox 83 1562 1395 1628; baseline 0.001 -19"><span class='ocrx_word' id='word_1_52' title='bbox 83 1563 220 1609; x_wconf 88' lang='lat' dir='ltr'><em>rulus</em></span> <span class='ocrx_word' id='word_1_53' title='bbox 238 1563 434 1626; x_wconf 76' lang='lat' dir='ltr'><em>diligere</em></span> <span class='ocrx_word' id='word_1_54' title='bbox 466 1565 713 1628; x_wconf 82' lang='lat' dir='ltr'><em>coepissem</em></span> <span class='ocrx_word' id='word_1_55' title='bbox 740 1572 782 1609; x_wconf 91' lang='lat' dir='ltr'><em>et</em></span> <span class='ocrx_word' id='word_1_56' title='bbox 811 1564 870 1609; x_wconf 88' lang='lat' dir='ltr'><em>ab</em></span> <span class='ocrx_word' id='word_1_57' title='bbox 903 1563 1096 1610; x_wconf 86' lang='lat' dir='ltr'><em>eruditis</em></span> <span class='ocrx_word' id='word_1_58' title='bbox 1127 1562 1395 1610; x_wconf 79' lang='lat' dir='ltr'><em>hominibus</em></span> 
     </span>
     <span class='ocr_line' id='line_1_11' title="bbox 84 1637 1394 1705; baseline -0.001 -19"><span class='ocrx_word' id='word_1_59' title='bbox 84 1637 224 1687; x_wconf 86' lang='lat' dir='ltr'><em>lzodie</em></span> <span class='ocrx_word' id='word_1_60' title='bbox 255 1640 580 1705; x_wconf 79' lang='lat' dir='ltr'><em>posthabitum</em></span> <span class='ocrx_word' id='word_1_61' title='bbox 620 1641 927 1703; x_wconf 78' lang='lat' dir='ltr'><em>intelligerem</em></span> <span class='ocrx_word' id='word_1_62' title='bbox 973 1639 1176 1704; x_wconf 67' lang='lat' dir='ltr'><em>mirifice.</em></span> <span class='ocrx_word' id='word_1_63' title='bbox 1267 1641 1394 1686; x_wconf 85' lang='lat' dir='ltr'><em>Inito</em></span> 
     </span>
     <span class='ocr_line' id='line_1_12' title="bbox 84 1717 1401 1783; baseline 0 -20"><span class='ocrx_word' id='word_1_64' title='bbox 84 1717 234 1780; x_wconf 76' lang='lat' dir='ltr'><em>igitur</em></span> <span class='ocrx_word' id='word_1_65' title='bbox 251 1717 390 1783; x_wconf 81' lang='lat' dir='ltr'><em>lzujus</em></span> <span class='ocrx_word' id='word_1_66' title='bbox 408 1718 679 1781; x_wconf 77' lang='lat' dir='ltr'><em>diligentius</em></span> <span class='ocrx_word' id='word_1_67' title='bbox 692 1717 1025 1782; x_wconf 82' lang='lat' dir='ltr'><em>perscrutandi</em></span> <span class='ocrx_word' id='word_1_68' title='bbox 1038 1717 1245 1774; x_wconf 83' lang='lat' dir='ltr'><em>consilio,</em></span> <span class='ocrx_word' id='word_1_69' title='bbox 1274 1717 1401 1764; x_wconf 87' lang='lat' dir='ltr'><em>sensi</em></span> 
     </span>
     <span class='ocr_line' id='line_1_13' title="bbox 85 1793 1396 1860; baseline -0.001 -20"><span class='ocrx_word' id='word_1_70' title='bbox 85 1796 327 1852; x_wconf 87' lang='lat' dir='ltr'><em>continuo,</em></span> <span class='ocrx_word' id='word_1_71' title='bbox 357 1814 526 1860; x_wconf 68' lang='lat' dir='ltr'><em>,quam</em></span> <span class='ocrx_word' id='word_1_72' title='bbox 552 1814 706 1860; x_wconf 73' lang='lat' dir='ltr'><em>prava</em></span> <span class='ocrx_word' id='word_1_73' title='bbox 748 1794 804 1841; x_wconf 88' lang='lat' dir='ltr'><em>de</em></span> <span class='ocrx_word' id='word_1_74' title='bbox 847 1793 986 1860; x_wconf 67' lang='lat' dir='ltr'><em>liujus</em></span> <span class='ocrx_word' id='word_1_75' title='bbox 1034 1794 1190 1842; x_wconf 83' lang='lat' dir='ltr'><em>indole</em></span> <span class='ocrx_word' id='word_1_76' title='bbox 1228 1803 1396 1858; x_wconf 87' lang='lat' dir='ltr'><em>poetae</em></span> 
     </span>
     <span class='ocr_line' id='line_1_14' title="bbox 85 1869 1401 1938; baseline -0.001 -21"><span class='ocrx_word' id='word_1_77' title='bbox 85 1869 328 1917; x_wconf 85' lang='lat' dir='ltr'><em>doctorum</em></span> <span class='ocrx_word' id='word_1_78' title='bbox 369 1874 574 1919; x_wconf 75' lang='lat' dir='ltr'><em>virorum</em></span> <span class='ocrx_word' id='word_1_79' title='bbox 611 1872 950 1919; x_wconf 75' lang='lat' dir='ltr'><em>celebrarentur</em></span> <span class='ocrx_word' id='word_1_80' title='bbox 974 1871 1168 1938; x_wconf 82' lang='lat' dir='ltr'><em>judicia.</em></span> <span class='ocrx_word' id='word_1_81' title='bbox 1257 1869 1401 1931; x_wconf 82' lang='lat' dir='ltr'><em>Quod</em></span> 
     </span>
     <span class='ocr_line' id='line_1_15' title="bbox 87 1948 1395 2014; baseline -0.001 -20"><span class='ocrx_word' id='word_1_82' title='bbox 87 1948 172 1994; x_wconf 85' lang='lat' dir='ltr'><em>ubi</em></span> <span class='ocrx_word' id='word_1_83' title='bbox 199 1950 680 1997; x_wconf 87' lang='lat' dir='ltr'><em>commentatiunculis</em></span> <span class='ocrx_word' id='word_1_84' title='bbox 712 1949 922 2014; x_wconf 69' lang='lat' dir='ltr'><em>aliquot,</em></span> <span class='ocrx_word' id='word_1_85' title='bbox 968 1950 1024 1996; x_wconf 89' lang='lat' dir='ltr'><em>de</em></span> <span class='ocrx_word' id='word_1_86' title='bbox 1059 1949 1229 2014; x_wconf 75' lang='lat' dir='ltr'><em>quibus</em></span> <span class='ocrx_word' id='word_1_87' title='bbox 1253 1965 1395 2011; x_wconf 90' lang='lat' dir='ltr'><em>prae-</em></span> 
     </span>
     <span class='ocr_line' id='line_1_16' title="bbox 86 2023 1395 2091; baseline 0 -20"><span class='ocrx_word' id='word_1_88' title='bbox 86 2025 185 2072; x_wconf 81' lang='lat' dir='ltr'><em>side</em></span> <span class='ocrx_word' id='word_1_89' title='bbox 210 2026 305 2083; x_wconf 83' lang='lat' dir='ltr'><em>Te,</em></span> <span class='ocrx_word' id='word_1_90' title='bbox 340 2030 603 2084; x_wconf 77' lang='lat' dir='ltr'><em>DJsSENJ,</em></span> <span class='ocrx_word' id='word_1_91' title='bbox 639 2034 782 2091; x_wconf 80' lang='lat' dir='ltr'><em>atque</em></span> <span class='ocrx_word' id='word_1_92' title='bbox 812 2029 1116 2074; x_wconf 73' lang='lat' dir='ltr'><em>MUELLERO</em></span> <span class='ocrx_word' id='word_1_93' title='bbox 1145 2025 1261 2071; x_wconf 92' lang='lat' dir='ltr'><em>Tuo</em></span> <span class='ocrx_word' id='word_1_94' title='bbox 1299 2023 1395 2071; x_wconf 72' lang='lat' dir='ltr'><em>dis-</em></span> 
     </span>
     <span class='ocr_line' id='line_1_17' title="bbox 81 2092 1394 2168; baseline -0.002 -20"><span class='ocrx_word' id='word_1_95' title='bbox 81 2111 359 2166; x_wconf 81' lang='lat' dir='ltr'><em>putaremus</em></span> <span class='ocrx_word' id='word_1_96' title='bbox 399 2104 655 2150; x_wconf 86' lang='lat' dir='ltr'><em>Seminarii</em></span> <span class='ocrx_word' id='word_1_97' title='bbox 706 2105 830 2166; x_wconf 77' lang='lat' dir='ltr'><em>regii</em></span> <span class='ocrx_word' id='word_1_98' title='bbox 871 2092 1156 2168; x_wconf 72' lang='lat' dir='ltr'><em>philologici</em></span> <span class='ocrx_word' id='word_1_99' title='bbox 1193 2101 1394 2156; x_wconf 88' lang='lat' dir='ltr'><em>sodales,</em></span> 
     </span>
     <span class='ocr_line' id='line_1_18' title="bbox 81 2178 1397 2247; baseline -0.002 -23"><span class='ocrx_word' id='word_1_100' title='bbox 81 2188 348 2241; x_wconf 84' lang='lat' dir='ltr'><em>persecutus</em></span> <span class='ocrx_word' id='word_1_101' title='bbox 380 2199 485 2228; x_wconf 88' lang='lat' dir='ltr'><em>sum</em></span> <span class='ocrx_word' id='word_1_102' title='bbox 524 2198 670 2246; x_wconf 74' lang='lat' dir='ltr'><em>neque</em></span> <span class='ocrx_word' id='word_1_103' title='bbox 718 2180 918 2247; x_wconf 85' lang='lat' dir='ltr'><em>ejusdem</em></span> <span class='ocrx_word' id='word_1_104' title='bbox 956 2198 1118 2227; x_wconf 84' lang='lat' dir='ltr'><em>curam</em></span> <span class='ocrx_word' id='word_1_105' title='bbox 1146 2188 1313 2243; x_wconf 81' lang='lat' dir='ltr'><em>poetae</em></span> <span class='ocrx_word' id='word_1_106' title='bbox 1346 2178 1397 2223; x_wconf 88' lang='lat' dir='ltr'><em>in</em></span> 
     </span>
     <span class='ocr_line' id='line_1_19' title="bbox 87 2255 1393 2322; baseline -0.002 -20"><span class='ocrx_word' id='word_1_107' title='bbox 87 2257 317 2302; x_wconf 84' lang='lat' dir='ltr'><em>societatis</em></span> <span class='ocrx_word' id='word_1_108' title='bbox 335 2257 653 2322; x_wconf 76' lang='lat' dir='ltr'><em>philologicae</em></span> <span class='ocrx_word' id='word_1_109' title='bbox 671 2257 1100 2312; x_wconf 74' lang='lat' dir='ltr'><em>exercitationibus,</em></span> <span class='ocrx_word' id='word_1_110' title='bbox 1137 2255 1393 2302; x_wconf 86' lang='lat' dir='ltr'><em>saluberri-</em></span> 
     </span>
     <span class='ocr_line' id='line_1_20' title="bbox 20 2333 1394 2399; baseline 0 -22"><span class='ocrx_word' id='word_1_111' title='bbox 20 2360 26 2365; x_wconf 55' lang='grc' dir='ltr'><em>ι</em></span> <span class='ocrx_word' id='word_1_112' title='bbox 89 2350 193 2378; x_wconf 90' lang='lat' dir='ltr'><em>mae</em></span> <span class='ocrx_word' id='word_1_113' title='bbox 213 2337 599 2396; x_wconf 71' lang='lat' dir='ltr'><em>congregationis,</em></span> <span class='ocrx_word' id='word_1_114' title='bbox 638 2336 797 2399; x_wconf 81' lang='lat' dir='ltr'><em>abjeci,</em></span> <span class='ocrx_word' id='word_1_115' title='bbox 831 2337 941 2379; x_wconf 78' lang='lat' dir='ltr'><em>Vos</em></span> <span class='ocrx_word' id='word_1_116' title='bbox 968 2343 1017 2379; x_wconf 85' lang='lat' dir='ltr'><em>ut</em></span> <span class='ocrx_word' id='word_1_117' title='bbox 1042 2351 1163 2398; x_wconf 79' lang='lat' dir='ltr'><em>quae</em></span> <span class='ocrx_word' id='word_1_118' title='bbox 1183 2333 1394 2396; x_wconf 64' lang='lat' dir='ltr'><em>privatos</em></span> 
     </span>
     <span class='ocr_line' id='line_1_21' title="bbox 87 2408 1394 2475; baseline -0.002 -20"><span class='ocrx_word' id='word_1_119' title='bbox 87 2411 138 2455; x_wconf 87' lang='lat' dir='ltr'><em>in</em></span> <span class='ocrx_word' id='word_1_120' title='bbox 170 2427 280 2455; x_wconf 89' lang='lat' dir='ltr'><em>usus</em></span> <span class='ocrx_word' id='word_1_121' title='bbox 305 2409 589 2471; x_wconf 78' lang='lat' dir='ltr'><em>collegissem</em></span> <span class='ocrx_word' id='word_1_122' title='bbox 616 2413 842 2458; x_wconf 86' lang='lat' dir='ltr'><em>curiosius</em></span> <span class='ocrx_word' id='word_1_123' title='bbox 861 2419 1151 2475; x_wconf 82' lang='lat' dir='ltr'><em>pertractata</em></span> <span class='ocrx_word' id='word_1_124' title='bbox 1173 2408 1241 2454; x_wconf 85' lang='lat' dir='ltr'><em>ad</em></span> <span class='ocrx_word' id='word_1_125' title='bbox 1262 2408 1394 2454; x_wconf 85' lang='lat' dir='ltr'><em>eden-</em></span> 
     </span>
     <span class='ocr_line' id='line_1_22' title="bbox 88 2486 1391 2549; baseline -0.002 -17"><span class='ocrx_word' id='word_1_126' title='bbox 88 2486 201 2532; x_wconf 82' lang='lat' dir='ltr'><em>dum</em></span> <span class='ocrx_word' id='word_1_127' title='bbox 247 2505 590 2549; x_wconf 81' lang='lat' dir='ltr'><em>compararem,</em></span> <span class='ocrx_word' id='word_1_128' title='bbox 642 2487 877 2535; x_wconf 75' lang='lat' dir='ltr'><em>cohortati</em></span> <span class='ocrx_word' id='word_1_129' title='bbox 916 2489 1022 2534; x_wconf 76' lang='lat' dir='ltr'><em>estis</em></span> <span class='ocrx_word' id='word_1_130' title='bbox 1057 2486 1391 2547; x_wconf 71' lang='lat' dir='ltr'><em>benigmssime.</em></span> 
     </span>
     <span class='ocr_line' id='line_1_23' title="bbox 85 2563 1393 2627; baseline -0.001 -19"><span class='ocrx_word' id='word_1_131' title='bbox 85 2564 164 2608; x_wconf 62' lang='lat' dir='ltr'><em>Ea:</em></span> <span class='ocrx_word' id='word_1_132' title='bbox 199 2582 291 2627; x_wconf 80' lang='lat' dir='ltr'><em>qno</em></span> <span class='ocrx_word' id='word_1_133' title='bbox 326 2572 527 2626; x_wconf 84' lang='lat' dir='ltr'><em>tempore</em></span> <span class='ocrx_word' id='word_1_134' title='bbox 550 2565 783 2611; x_wconf 81' lang='lat' dir='ltr'><em>Vestrae</em></span> <span class='ocrx_word' id='word_1_135' title='bbox 808 2566 1044 2611; x_wconf 82' lang='lat' dir='ltr'><em>obsecutus</em></span> <span class='ocrx_word' id='word_1_136' title='bbox 1067 2563 1298 2608; x_wconf 59' lang='lat' dir='ltr'><em>voluntati</em></span> <span class='ocrx_word' id='word_1_137' title='bbox 1324 2563 1393 2607; x_wconf 88' lang='lat' dir='ltr'><em>in-</em></span> 
     </span>
     <span class='ocr_line' id='line_1_24' title="bbox 85 2639 1395 2704; baseline -0.002 -19"><span class='ocrx_word' id='word_1_138' title='bbox 85 2649 153 2685; x_wconf 81' lang='lat' dir='ltr'><em>ter</em></span> <span class='ocrx_word' id='word_1_139' title='bbox 189 2640 290 2686; x_wconf 85' lang='lat' dir='ltr'><em>alia</em></span> <span class='ocrx_word' id='word_1_140' title='bbox 324 2639 484 2688; x_wconf 86' lang='lat' dir='ltr'><em>studia</em></span> <span class='ocrx_word' id='word_1_141' title='bbox 519 2642 648 2686; x_wconf 79' lang='lat' dir='ltr'><em>unice</em></span> <span class='ocrx_word' id='word_1_142' title='bbox 684 2642 902 2688; x_wconf 66' lang='lat' dir='ltr'><em>cacabcun</em></span> <span class='ocrx_word' id='word_1_143' title='bbox 932 2641 1169 2704; x_wconf 82' lang='lat' dir='ltr'><em>precatori</em></span> <span class='ocrx_word' id='word_1_144' title='bbox 1195 2657 1395 2701; x_wconf 71' lang='lat' dir='ltr'><em>gruum:</em></span> 
     </span>
    </p>
   </div>
  </div>
 </body>
</html>
