1677 3059
701 209 768 219 ..-.
891 182 953 228 62
1078 211 1145 220 .-

265 341 405 388 φρων.
438 325 467 380 ή
500 325 652 379 μέντοι
675 322 906 383 Πινδάρου
935 324 1017 369 καί
1048 323 1279 386 Ἰβύκου
1316 330 1399 374 καί
1427 338 1573 386 Σιμω-

265 413 393 456 νίδου
436 407 517 452 καί
550 408 848 456 Βακχυλίδου
884 406 1116 454 παντελῶς
1147 409 1352 471 οὶνεῖται,
1409 412 1490 457 διὰ
1520 412 1572 457 τὸ

264 491 328 546 μὴ
366 490 544 547 Δωριεῖς
583 479 696 530 εἶναι
728 486 789 544 τῇ
823 485 954 544 φύσει
974 487 1081 535 τοὺς
1113 487 1336 551 ποιητὰς,
1367 493 1574 551 χρῆσθαι

266 574 314 615 δέ
333 568 450 624 μόνῃ
478 570 579 621 (scr.
607 567 769 629 μόνον)
793 569 853 625 τῇ
878 570 1068 617 διαλέξει
1079 584 1103 627 ‚·
1137 584 1248 630 quae
1271 567 1404 615 verba
1428 588 1572 618 emen-

267 647 436 695 datiora
477 646 620 693 fecere
654 647 846 713 Interpp.
886 646 944 694 ad
979 647 1112 709 Greg.
1152 647 1250 693 Cor.
1286 668 1328 714 p.
1355 652 1445 698 371
1476 671 1570 718 sqq.

265 734 430 790 Δωρίδι
469 732 692 790 διαλέκτῳ
725 746 854 776 usum
885 747 982 776 eum
1020 727 1182 776 Suidas
1202 729 1357 778 scribit
1378 751 1475 780 cum
1501 752 1573 781 eo-

266 828 350 875 que
369 807 588 863 Eudocia3
631 813 836 872 Δωρικὸν
859 814 1081 873 ἁρμονίην
1103 810 1255 875 Epigr.
1283 810 1330 859 in
1355 832 1451 860 nov.
1476 814 1571 881 lyr,

263 891 398 956 idque
429 889 484 936 de
522 888 706 936 dialecto
729 890 1032 956 accipiendum
1058 902 1134 938 est.
1203 892 1368 940 Dorica
1389 894 1572 942 dialecto

264 969 493 1035 scripsisse
524 967 804 1026 Alcmanem,
845 970 1170 1031 Stesichorum,
1208 973 1416 1039 Ibycum,
1460 977 1573 1022 Eac-

264 1052 510 1118 chylidem,
565 1049 880 1115 Epicharmum
912 1063 1098 1099 testatur
1140 1054 1333 1100 Gramm.
1368 1055 1570 1102 Leidens.

264 1135 309 1181 in
346 1134 478 1195 Greg.
518 1132 615 1178 Cor.
651 1150 694 1196 p.
727 1133 833 1182 635.
881 1131 1078 1190 Schaef.‚
1126 1134 1348 1200 sapienter
1381 1135 1569 1184 addens:

264 1220 292 1274 ἡ
328 1220 376 1262 δὲ
405 1216 562 1275 χρῆσις
592 1216 740 1270 αὐτῆς
771 1215 895 1260 κατα
926 1216 1157 1276 διαφοράν
1174 1222 1428 1277 θεωρεῖται.
1494 1219 1571 1263 Jo-

264 1314 398 1343 annes
434 1295 518 1342 hoc
554 1295 681 1342 dicit:
718 1294 764 1340 hi
794 1305 948 1359 poetae
978 1312 1071 1341 non
1100 1313 1213 1360 pura
1243 1308 1350 1360 puta
1387 1297 1571 1345 dialecto

261 1376 567 1443 popularium,
601 1387 650 1422 ut
682 1375 769 1433 illi,
805 1375 873 1422 usi
909 1387 1037 1434 sunt,
1079 1377 1159 1424 sed
1194 1378 1401 1442 quoniam
1437 1379 1571 1444 stirpe

261 1477 352 1505 non
394 1469 516 1504 eraut
548 1457 788 1504 Dorienses
823 1475 904 1504 nec
937 1469 1209 1522 usurparunt
1243 1477 1400 1524 puram
1436 1459 1570 1506 diale-

262 1552 377 1588 ctum
410 1539 644 1597 Doricam,
682 1539 860 1585 omnino
894 1556 985 1584 non
1009 1549 1125 1585 certo
1163 1539 1367 1585 constitui
1397 1539 1566 1587 dialecti

259 1621 369 1669 ratio
403 1630 569 1685 potest3
617 1620 731 1677 sive,
766 1629 815 1666 ut
849 1637 948 1665 cum
979 1618 1215 1666 Schaefero
1245 1619 1479 1684 loquamur
1513 1622 1569 1667 ad

261 1703 392 1765 Greg.
430 1701 527 1747 Cor.
563 1719 605 1765 p.
640 1703 774 1758 373.‚
810 1700 953 1747 soluta
986 1700 1106 1746 omni
1139 1699 1312 1747 vinculo
1344 1703 1568 1759 ἰδιότητος

258 1783 447 1839 τοπικῆς
494 1780 716 1829 dialectus.
816 1783 952 1829 Recte
996 1779 1176 1846 quidem
1222 1780 1565 1830 Grammaticus:

257 1862 588 1910 fundamentum
625 1862 798 1910 dialecti
833 1882 976 1910 sermo
1012 1872 1104 1909 erat
1136 1860 1375 1926 Epicorum
1414 1874 1564 1927 poeta-

256 1962 376 2000 rum,
412 1943 482 1989 cui
513 1942 815 1989 admiscebant
847 1943 904 1989 ad
937 1941 1127 1989 colorem
1158 1941 1367 1988 orationis
1400 1960 1564 2005 augen-

257 2025 362 2072 dum
401 2023 847 2088 exaggerandumque
872 2023 1044 2070 modice
1076 2023 1239 2070 formas
1263 2022 1465 2080 Doricas,
1497 2023 1562 2090 ly-

253 2107 369 2154 ricae
402 2105 528 2172 poesi
563 2115 731 2161 suetas,
787 2124 824 2150 v.
862 2124 973 2169 quae
1010 2105 1321 2168 circumspecte
1355 2104 1563 2152 disseruit

253 2190 322 2235 Fr.
365 2185 541 2233 Jacobs.
576 2187 714 2251 praef.
749 2185 881 2232 Anth.
918 2186 1009 2233 Pal.
1045 2187 1167 2232 Toni.
1202 2186 1234 2231 I.
1279 2204 1321 2250 p.
1357 2187 1436 2233 XL
1463 2205 1558 2251 sqq.

251 2268 382 2315 Unde
418 2278 564 2325 erant,
625 2268 700 2332 qui
734 2268 953 2314 communi
990 2265 1173 2314 dialecto
1209 2284 1314 2314 usos
1350 2266 1559 2325 dicerent,

252 2351 326 2397 csr.
358 2350 594 2396 Hermann.
629 2348 819 2414 Opuscc.
842 2349 872 2394 I.
907 2367 949 2413 p.
976 2349 1084 2395 246.
1153 2350 1202 2394 In
1225 2366 1278 2411 eo>
1297 2358 1442 2394 tamen
1468 2365 1558 2393 non

250 2432 352 2477 satis
389 2440 587 2477 accurate
622 2429 792 2476 locutus
819 2441 906 2484 cst,
945 2429 1064 2493 quod
1086 2430 1271 2495 Ibycum
1302 2447 1383 2494 pro
1409 2428 1557 2475 lonico

248 2510 425 2568 habuit,
471 2511 558 2557 sive
597 2510 656 2557 ob
705 2510 1088 2557 commorationem
1124 2509 1338 2568 Samiam,
1386 2527 1435 2556 ex
1471 2526 1558 2573 qua

245 2590 476 2655 probabile
511 2603 575 2638 est
610 2591 830 2638 amatoriis
869 2591 1148 2655 potissimum
1184 2589 1450 2637 carminibus
1486 2591 1557 2636 Io-
