<?xml version="1.0" encoding="UTF-8"?>
<!DOCTYPE html PUBLIC "-//W3C//DTD XHTML 1.0 Transitional//EN"
    "http://www.w3.org/TR/xhtml1/DTD/xhtml1-transitional.dtd">
<html xmlns="http://www.w3.org/1999/xhtml" xml:lang="en" lang="en">
 <head>
  <title>
</title>
<meta http-equiv="Content-Type" content="text/html;charset=utf-8" />
  <meta name='ocr-system' content='tesseract 3.04.00' />
  <meta name='ocr-capabilities' content='ocr_page ocr_carea ocr_par ocr_line ocrx_word'/>
</head>
<body>
  <div class='ocr_page' id='page_1' title='image "./ibycirheginicarm00schnuoft_0240.png"; bbox 0 0 1677 3059; ppageno 0'>
   <div class='ocr_carea' id='block_1_1' title="bbox 708 212 1154 258">
    <p class='ocr_par' dir='ltr' id='par_1_1' title="bbox 708 212 1154 258">
     <span class='ocr_line' id='line_1_1' title="bbox 708 212 1154 258; baseline 0 -1"><span class='ocrx_word' id='word_1_1' title='bbox 708 239 772 247; x_wconf 87' lang='lat'>——</span> <span class='ocrx_word' id='word_1_2' title='bbox 883 212 981 258; x_wconf 81' lang='lat'>210</span> <span class='ocrx_word' id='word_1_3' title='bbox 1092 239 1154 247; x_wconf 90' lang='lat'><strong>—</strong></span> 
     </span>
    </p>
   </div>
   <div class='ocr_carea' id='block_1_2' title="bbox 258 349 1587 2600">
    <p class='ocr_par' dir='ltr' id='par_1_2' title="bbox 258 349 1587 2600">
     <span class='ocr_line' id='line_1_2' title="bbox 276 349 1587 415; baseline -0.002 -15"><span class='ocrx_word' id='word_1_4' title='bbox 276 354 410 400; x_wconf 86' lang='lat' dir='ltr'>lectus</span> <span class='ocrx_word' id='word_1_5' title='bbox 455 352 689 398; x_wconf 84' lang='lat' dir='ltr'>verborum</span> <span class='ocrx_word' id='word_1_6' title='bbox 733 351 789 397; x_wconf 85' lang='lat' dir='ltr'>ab</span> <span class='ocrx_word' id='word_1_7' title='bbox 826 349 920 398; x_wconf 82' lang='lat' dir='ltr'>aliis</span> <span class='ocrx_word' id='word_1_8' title='bbox 965 350 1087 397; x_wconf 82' lang='lat' dir='ltr'>aliter</span> <span class='ocrx_word' id='word_1_9' title='bbox 1129 360 1416 407; x_wconf 76' lang='lat' dir='ltr'>tentatorum,</span> <span class='ocrx_word' id='word_1_10' title='bbox 1475 370 1587 415; x_wconf 87' lang='lat' dir='ltr'>quae</span> 
     </span>
     <span class='ocr_line' id='line_1_3' title="bbox 276 429 1585 495; baseline -0.002 -14"><span class='ocrx_word' id='word_1_11' title='bbox 276 434 433 481; x_wconf 76' lang='lat' dir='ltr'>afferre</span> <span class='ocrx_word' id='word_1_12' title='bbox 470 432 616 478; x_wconf 86' lang='lat' dir='ltr'>omnia</span> <span class='ocrx_word' id='word_1_13' title='bbox 650 430 818 488; x_wconf 83' lang='lat' dir='ltr'>taedet,</span> <span class='ocrx_word' id='word_1_14' title='bbox 856 432 959 478; x_wconf 86' lang='lat' dir='ltr'>satis</span> <span class='ocrx_word' id='word_1_15' title='bbox 989 430 1215 495; x_wconf 82' lang='lat' dir='ltr'>expeditus</span> <span class='ocrx_word' id='word_1_16' title='bbox 1247 429 1377 476; x_wconf 86' lang='lat' dir='ltr'>nobis</span> <span class='ocrx_word' id='word_1_17' title='bbox 1401 431 1585 478; x_wconf 85' lang='lat' dir='ltr'>videtur.</span> 
     </span>
     <span class='ocr_line' id='line_1_4' title="bbox 277 511 1586 580; baseline -0.001 -21"><span class='ocrx_word' id='word_1_18' title='bbox 277 514 435 580; x_wconf 76' lang='lat' dir='ltr'>[byeus</span> <span class='ocrx_word' id='word_1_19' title='bbox 469 524 598 576; x_wconf 83' lang='lat' dir='ltr'>atque</span> <span class='ocrx_word' id='word_1_20' title='bbox 620 511 899 560; x_wconf 79' lang='lat' dir='ltr'>Stesichorus</span> <span class='ocrx_word' id='word_1_21' title='bbox 927 518 1206 576; x_wconf 74' lang='grc' dir='ltr'><em>βρυαλίκτας</em></span> <span class='ocrx_word' id='word_1_22' title='bbox 1231 512 1420 576; x_wconf 84' lang='lat' dir='ltr'>speciem</span> <span class='ocrx_word' id='word_1_23' title='bbox 1447 530 1586 576; x_wconf 88' lang='lat' dir='ltr'>quan-</span> 
     </span>
     <span class='ocr_line' id='line_1_5' title="bbox 275 591 1586 658; baseline -0.002 -17"><span class='ocrx_word' id='word_1_24' title='bbox 275 596 374 641; x_wconf 87' lang='lat' dir='ltr'>dam</span> <span class='ocrx_word' id='word_1_25' title='bbox 410 593 664 639; x_wconf 74' lang='lat' dir='ltr'>saltatorum</span> <span class='ocrx_word' id='word_1_26' title='bbox 698 605 1014 652; x_wconf 64' lang='lat' dir='ltr'>mentoraraut,</span> <span class='ocrx_word' id='word_1_27' title='bbox 1061 610 1148 658; x_wconf 89' lang='lat' dir='ltr'>quo</span> <span class='ocrx_word' id='word_1_28' title='bbox 1185 591 1256 637; x_wconf 86' lang='lat' dir='ltr'>alii</span> <span class='ocrx_word' id='word_1_29' title='bbox 1291 592 1468 639; x_wconf 89' lang='lat' dir='ltr'>nomine</span> <span class='ocrx_word' id='word_1_30' title='bbox 1501 612 1586 639; x_wconf 85' lang='grc' dir='ltr'>πο-</span> 
     </span>
     <span class='ocr_line' id='line_1_6' title="bbox 272 673 1585 739; baseline -0.002 -17"><span class='ocrx_word' id='word_1_31' title='bbox 272 677 481 732; x_wconf 70' lang='grc' dir='ltr'><em>λεμικοὺς</em></span> <span class='ocrx_word' id='word_1_32' title='bbox 524 674 827 739; x_wconf 76' lang='lat' dir='ltr'>appellassent.</span> <span class='ocrx_word' id='word_1_33' title='bbox 907 674 1139 739; x_wconf 84' lang='lat' dir='ltr'>Habetque</span> <span class='ocrx_word' id='word_1_34' title='bbox 1175 673 1345 720; x_wconf 86' lang='lat' dir='ltr'>novicia</span> <span class='ocrx_word' id='word_1_35' title='bbox 1385 673 1458 721; x_wconf 81' lang='lat' dir='ltr'>illa</span> <span class='ocrx_word' id='word_1_36' title='bbox 1493 692 1585 720; x_wconf 89' lang='lat' dir='ltr'>me-</span> 
     </span>
     <span class='ocr_line' id='line_1_7' title="bbox 273 754 1585 821; baseline -0.002 -18"><span class='ocrx_word' id='word_1_37' title='bbox 273 757 410 803; x_wconf 85' lang='lat' dir='ltr'>moria</span> <span class='ocrx_word' id='word_1_38' title='bbox 444 754 715 821; x_wconf 78' lang='lat' dir='ltr'>praesidium</span> <span class='ocrx_word' id='word_1_39' title='bbox 761 754 806 800; x_wconf 88' lang='lat' dir='ltr'>in</span> <span class='ocrx_word' id='word_1_40' title='bbox 843 773 919 813; x_wconf 80' lang='lat' dir='ltr'>eo,</span> <span class='ocrx_word' id='word_1_41' title='bbox 970 755 1091 820; x_wconf 90' lang='lat' dir='ltr'>quod</span> <span class='ocrx_word' id='word_1_42' title='bbox 1127 754 1247 821; x_wconf 85' lang='lat' dir='ltr'>apud</span> <span class='ocrx_word' id='word_1_43' title='bbox 1281 755 1470 802; x_wconf 88' lang='lat' dir='ltr'>Doricos</span> <span class='ocrx_word' id='word_1_44' title='bbox 1503 772 1585 820; x_wconf 89' lang='lat' dir='ltr'>po-</span> 
     </span>
     <span class='ocr_line' id='line_1_8' title="bbox 272 835 1584 902; baseline -0.001 -18"><span class='ocrx_word' id='word_1_45' title='bbox 272 837 423 902; x_wconf 81' lang='lat' dir='ltr'>pulos,</span> <span class='ocrx_word' id='word_1_46' title='bbox 465 854 654 900; x_wconf 88' lang='lat' dir='ltr'>quorum</span> <span class='ocrx_word' id='word_1_47' title='bbox 688 835 859 884; x_wconf 83' lang='lat' dir='ltr'>indoles</span> <span class='ocrx_word' id='word_1_48' title='bbox 894 850 934 884; x_wconf 88' lang='lat' dir='ltr'>et</span> <span class='ocrx_word' id='word_1_49' title='bbox 968 838 1013 884; x_wconf 90' lang='lat' dir='ltr'>in</span> <span class='ocrx_word' id='word_1_50' title='bbox 1046 839 1155 884; x_wconf 83' lang='lat' dir='ltr'>vitae</span> <span class='ocrx_word' id='word_1_51' title='bbox 1192 848 1234 883; x_wconf 86' lang='lat' dir='ltr'>et</span> <span class='ocrx_word' id='word_1_52' title='bbox 1262 835 1309 882; x_wconf 91' lang='lat' dir='ltr'>in</span> <span class='ocrx_word' id='word_1_53' title='bbox 1344 836 1477 883; x_wconf 83' lang='lat' dir='ltr'>animi</span> <span class='ocrx_word' id='word_1_54' title='bbox 1512 854 1584 883; x_wconf 83' lang='lat' dir='ltr'>ae-</span> 
     </span>
     <span class='ocr_line' id='line_1_9' title="bbox 270 915 1585 981; baseline 0.001 -18"><span class='ocrx_word' id='word_1_55' title='bbox 270 916 524 981; x_wconf 84' lang='lat' dir='ltr'>quabilitate</span> <span class='ocrx_word' id='word_1_56' title='bbox 562 915 752 980; x_wconf 87' lang='lat' dir='ltr'>quadam</span> <span class='ocrx_word' id='word_1_57' title='bbox 791 918 1119 974; x_wconf 81' lang='lat' dir='ltr'>continebatur,</span> <span class='ocrx_word' id='word_1_58' title='bbox 1166 929 1257 963; x_wconf 85' lang='lat' dir='ltr'>arta</span> <span class='ocrx_word' id='word_1_59' title='bbox 1291 916 1499 965; x_wconf 79' lang='lat' dir='ltr'>affinitate</span> <span class='ocrx_word' id='word_1_60' title='bbox 1530 917 1585 965; x_wconf 85' lang='lat' dir='ltr'>li-</span> 
     </span>
     <span class='ocr_line' id='line_1_10' title="bbox 269 996 1582 1062; baseline 0.001 -18"><span class='ocrx_word' id='word_1_61' title='bbox 269 1009 367 1061; x_wconf 84' lang='lat' dir='ltr'>gata</span> <span class='ocrx_word' id='word_1_62' title='bbox 396 1009 486 1044; x_wconf 84' lang='lat' dir='ltr'>erat</span> <span class='ocrx_word' id='word_1_63' title='bbox 514 1009 555 1044; x_wconf 88' lang='lat' dir='ltr'>et</span> <span class='ocrx_word' id='word_1_64' title='bbox 587 996 809 1043; x_wconf 77' lang='lat' dir='ltr'>saltatoria</span> <span class='ocrx_word' id='word_1_65' title='bbox 833 1016 902 1043; x_wconf 84' lang='lat' dir='ltr'>ars</span> <span class='ocrx_word' id='word_1_66' title='bbox 928 1008 966 1044; x_wconf 86' lang='lat' dir='ltr'>et</span> <span class='ocrx_word' id='word_1_67' title='bbox 988 997 1144 1062; x_wconf 86' lang='lat' dir='ltr'>peritia</span> <span class='ocrx_word' id='word_1_68' title='bbox 1175 997 1381 1044; x_wconf 83' lang='lat' dir='ltr'>bellandi.</span> <span class='ocrx_word' id='word_1_69' title='bbox 1431 999 1582 1045; x_wconf 81' lang='lat' dir='ltr'>Motus</span> 
     </span>
     <span class='ocr_line' id='line_1_11' title="bbox 268 1076 1584 1143; baseline 0 -18"><span class='ocrx_word' id='word_1_70' title='bbox 268 1080 381 1125; x_wconf 85' lang='lat' dir='ltr'>enim</span> <span class='ocrx_word' id='word_1_71' title='bbox 417 1078 615 1143; x_wconf 87' lang='lat' dir='ltr'>corporis</span> <span class='ocrx_word' id='word_1_72' title='bbox 652 1096 702 1124; x_wconf 92' lang='lat' dir='ltr'>eo</span> <span class='ocrx_word' id='word_1_73' title='bbox 738 1078 829 1124; x_wconf 87' lang='lat' dir='ltr'>fere</span> <span class='ocrx_word' id='word_1_74' title='bbox 864 1077 950 1123; x_wconf 85' lang='lat' dir='ltr'>fine</span> <span class='ocrx_word' id='word_1_75' title='bbox 981 1076 1273 1140; x_wconf 84' lang='lat' dir='ltr'>regebantur,</span> <span class='ocrx_word' id='word_1_76' title='bbox 1308 1087 1357 1123; x_wconf 88' lang='lat' dir='ltr'>ut</span> <span class='ocrx_word' id='word_1_77' title='bbox 1385 1077 1584 1126; x_wconf 87' lang='lat' dir='ltr'>membra</span> 
     </span>
     <span class='ocr_line' id='line_1_12' title="bbox 267 1156 1582 1225; baseline -0.002 -20"><span class='ocrx_word' id='word_1_78' title='bbox 267 1161 314 1206; x_wconf 87' lang='lat' dir='ltr'>in</span> <span class='ocrx_word' id='word_1_79' title='bbox 359 1159 522 1205; x_wconf 85' lang='lat' dir='ltr'>bellum</span> <span class='ocrx_word' id='word_1_80' title='bbox 559 1159 723 1206; x_wconf 83' lang='lat' dir='ltr'>habilia</span> <span class='ocrx_word' id='word_1_81' title='bbox 768 1170 808 1206; x_wconf 87' lang='lat' dir='ltr'>et</span> <span class='ocrx_word' id='word_1_82' title='bbox 844 1158 900 1205; x_wconf 88' lang='lat' dir='ltr'>ad</span> <span class='ocrx_word' id='word_1_83' title='bbox 936 1158 1127 1225; x_wconf 86' lang='lat' dir='ltr'>speciem</span> <span class='ocrx_word' id='word_1_84' title='bbox 1162 1157 1322 1204; x_wconf 89' lang='lat' dir='ltr'>decora</span> <span class='ocrx_word' id='word_1_85' title='bbox 1356 1156 1582 1203; x_wconf 83' lang='lat' dir='ltr'>efficeren-</span> 
     </span>
     <span class='ocr_line' id='line_1_13' title="bbox 268 1238 1578 1305; baseline -0.002 -19"><span class='ocrx_word' id='word_1_86' title='bbox 268 1251 361 1297; x_wconf 77' lang='lat' dir='ltr'>tur,</span> <span class='ocrx_word' id='word_1_87' title='bbox 409 1260 448 1289; x_wconf 86' lang='lat' dir='ltr'>v.</span> <span class='ocrx_word' id='word_1_88' title='bbox 488 1258 593 1305; x_wconf 80' lang='lat' dir='ltr'>prae</span> <span class='ocrx_word' id='word_1_89' title='bbox 640 1240 845 1288; x_wconf 86' lang='lat' dir='ltr'>omnibus</span> <span class='ocrx_word' id='word_1_90' title='bbox 890 1239 1089 1287; x_wconf 85' lang='lat' dir='ltr'>Mueller.</span> <span class='ocrx_word' id='word_1_91' title='bbox 1134 1239 1264 1285; x_wconf 88' lang='lat' dir='ltr'>Dorr.</span> <span class='ocrx_word' id='word_1_92' title='bbox 1298 1238 1361 1296; x_wconf 78' lang='grc' dir='ltr'>Π,</span> <span class='ocrx_word' id='word_1_93' title='bbox 1396 1257 1439 1303; x_wconf 92' lang='lat' dir='ltr'>p.</span> <span class='ocrx_word' id='word_1_94' title='bbox 1470 1238 1578 1289; x_wconf 69' lang='lat'>342.</span> 
     </span>
     <span class='ocr_line' id='line_1_14' title="bbox 266 1318 1581 1387; baseline -0.002 -21"><span class='ocrx_word' id='word_1_95' title='bbox 266 1321 316 1366; x_wconf 91' lang='lat' dir='ltr'>In</span> <span class='ocrx_word' id='word_1_96' title='bbox 346 1320 638 1387; x_wconf 80' lang='lat' dir='ltr'>Hesychianis</span> <span class='ocrx_word' id='word_1_97' title='bbox 676 1341 812 1387; x_wconf 87' lang='lat' dir='ltr'>quum</span> <span class='ocrx_word' id='word_1_98' title='bbox 835 1321 1037 1368; x_wconf 83' lang='lat' dir='ltr'>Valesius</span> <span class='ocrx_word' id='word_1_99' title='bbox 1073 1319 1175 1366; x_wconf 89' lang='lat' dir='ltr'>olim</span> <span class='ocrx_word' id='word_1_100' title='bbox 1212 1318 1471 1366; x_wconf 83' lang='lat' dir='ltr'>correxisset</span> <span class='ocrx_word' id='word_1_101' title='bbox 1503 1337 1581 1375; x_wconf 82' lang='grc' dir='ltr'>με-</span> 
     </span>
     <span class='ocr_line' id='line_1_15' title="bbox 265 1399 1578 1468; baseline -0.001 -21"><span class='ocrx_word' id='word_1_102' title='bbox 265 1407 410 1464; x_wconf 63' lang='grc' dir='ltr'><em>λςοὸοί</em></span> <span class='ocrx_word' id='word_1_103' title='bbox 440 1419 560 1466; x_wconf 73' lang='grc' dir='ltr'><em>που,</em></span> <span class='ocrx_word' id='word_1_104' title='bbox 593 1401 736 1448; x_wconf 79' lang='lat' dir='ltr'>Klein.</span> <span class='ocrx_word' id='word_1_105' title='bbox 765 1402 947 1450; x_wconf 82' lang='lat' dir='ltr'>Stesich.</span> <span class='ocrx_word' id='word_1_106' title='bbox 984 1421 1026 1468; x_wconf 94' lang='lat' dir='ltr'>p.</span> <span class='ocrx_word' id='word_1_107' title='bbox 1058 1402 1163 1449; x_wconf 79' lang='lat'>132.</span> <span class='ocrx_word' id='word_1_108' title='bbox 1199 1399 1468 1466; x_wconf 87' lang='lat' dir='ltr'>periclitatus</span> <span class='ocrx_word' id='word_1_109' title='bbox 1491 1410 1578 1447; x_wconf 86' lang='lat' dir='ltr'>est:</span> 
     </span>
     <span class='ocr_line' id='line_1_16' title="bbox 263 1482 1578 1549; baseline -0.001 -21"><span class='ocrx_word' id='word_1_110' title='bbox 263 1487 364 1544; x_wconf 78' lang='grc' dir='ltr'>ὀρχ.</span> <span class='ocrx_word' id='word_1_111' title='bbox 400 1488 482 1539; x_wconf 73' lang='grc' dir='ltr'>μὲν</span> <span class='ocrx_word' id='word_1_112' title='bbox 516 1489 817 1549; x_wconf 67' lang='grc' dir='ltr'><em>βρυαλίκται,</em></span> <span class='ocrx_word' id='word_1_113' title='bbox 875 1483 973 1547; x_wconf 65' lang='grc' dir='ltr'>ᾄδει</span> <span class='ocrx_word' id='word_1_114' title='bbox 1006 1500 1096 1530; x_wconf 84' lang='grc' dir='ltr'>που</span> <span class='ocrx_word' id='word_1_115' title='bbox 1135 1482 1269 1546; x_wconf 70' lang='grc' dir='ltr'><strong><em>Ὶβυκ.</em></strong></span> <span class='ocrx_word' id='word_1_116' title='bbox 1307 1484 1388 1529; x_wconf 78' lang='grc' dir='ltr'>καί</span> <span class='ocrx_word' id='word_1_117' title='bbox 1421 1491 1578 1544; x_wconf 52' lang='lat' dir='ltr'>Evam,</span> 
     </span>
     <span class='ocr_line' id='line_1_17' title="bbox 267 1561 1576 1631; baseline 0 -23"><span class='ocrx_word' id='word_1_118' title='bbox 267 1574 416 1609; x_wconf 86' lang='lat' dir='ltr'>contra</span> <span class='ocrx_word' id='word_1_119' title='bbox 449 1582 614 1609; x_wconf 89' lang='lat' dir='ltr'>morem</span> <span class='ocrx_word' id='word_1_120' title='bbox 638 1565 859 1631; x_wconf 76' lang='lat' dir='ltr'>Hesychii.</span> <span class='ocrx_word' id='word_1_121' title='bbox 933 1563 1115 1611; x_wconf 86' lang='lat' dir='ltr'>Confert</span> <span class='ocrx_word' id='word_1_122' title='bbox 1149 1573 1292 1609; x_wconf 88' lang='lat' dir='ltr'>autem</span> <span class='ocrx_word' id='word_1_123' title='bbox 1324 1561 1514 1629; x_wconf 88' lang='lat' dir='ltr'>Hesych.</span> <span class='ocrx_word' id='word_1_124' title='bbox 1539 1581 1576 1608; x_wconf 87' lang='lat' dir='ltr'>v.</span> 
     </span>
     <span class='ocr_line' id='line_1_18' title="bbox 262 1646 1578 1707; baseline -0.002 -16"><span class='ocrx_word' id='word_1_125' title='bbox 262 1646 505 1705; x_wconf 77' lang='grc' dir='ltr'><em>ὀρχηστής.</em></span> <span class='ocrx_word' id='word_1_126' title='bbox 541 1649 652 1690; x_wconf 74' lang='grc' dir='ltr'><em>ποτέ</em></span> <span class='ocrx_word' id='word_1_127' title='bbox 682 1650 765 1701; x_wconf 77' lang='grc' dir='ltr'>μὲν</span> <span class='ocrx_word' id='word_1_128' title='bbox 798 1648 824 1692; x_wconf 84' lang='grc' dir='ltr'>ὁ</span> <span class='ocrx_word' id='word_1_129' title='bbox 859 1647 1070 1707; x_wconf 77' lang='grc' dir='ltr'><em>χορικὸς,</em></span> <span class='ocrx_word' id='word_1_130' title='bbox 1128 1649 1240 1690; x_wconf 79' lang='grc' dir='ltr'><em>ποτὲ</em></span> <span class='ocrx_word' id='word_1_131' title='bbox 1274 1650 1322 1691; x_wconf 77' lang='grc' dir='ltr'>δέ</span> <span class='ocrx_word' id='word_1_132' title='bbox 1352 1646 1377 1691; x_wconf 87' lang='grc' dir='ltr'>ὁ</span> <span class='ocrx_word' id='word_1_133' title='bbox 1411 1647 1459 1689; x_wconf 79' lang='grc' dir='ltr'>ἐν</span> <span class='ocrx_word' id='word_1_134' title='bbox 1493 1662 1578 1689; x_wconf 81' lang='grc' dir='ltr'>πο-</span> 
     </span>
     <span class='ocr_line' id='line_1_19' title="bbox 261 1724 1578 1791; baseline -0.001 -21"><span class='ocrx_word' id='word_1_135' title='bbox 261 1731 382 1788; x_wconf 73' lang='grc' dir='ltr'><em>λέμῳ</em></span> <span class='ocrx_word' id='word_1_136' title='bbox 416 1729 677 1789; x_wconf 67' lang='grc' dir='ltr'><em>εὐκίνητος,</em></span> <span class='ocrx_word' id='word_1_137' title='bbox 717 1744 804 1791; x_wconf 86' lang='lat' dir='ltr'>quo</span> <span class='ocrx_word' id='word_1_138' title='bbox 838 1724 948 1771; x_wconf 85' lang='lat' dir='ltr'>nihil</span> <span class='ocrx_word' id='word_1_139' title='bbox 984 1724 1224 1790; x_wconf 84' lang='lat' dir='ltr'>proficitur.</span> <span class='ocrx_word' id='word_1_140' title='bbox 1305 1724 1578 1789; x_wconf 86' lang='lat' dir='ltr'>Scripturam</span> 
     </span>
     <span class='ocr_line' id='line_1_20' title="bbox 261 1804 1577 1872; baseline 0 -21"><span class='ocrx_word' id='word_1_141' title='bbox 261 1811 566 1868; x_wconf 73' lang='grc' dir='ltr'><em>βρυαλλίκται</em></span> <span class='ocrx_word' id='word_1_142' title='bbox 599 1805 854 1872; x_wconf 85' lang='lat' dir='ltr'>ponderatis</span> <span class='ocrx_word' id='word_1_143' title='bbox 887 1806 1117 1852; x_wconf 88' lang='lat' dir='ltr'>momentis</span> <span class='ocrx_word' id='word_1_144' title='bbox 1153 1804 1359 1851; x_wconf 88' lang='lat' dir='ltr'>omnibus</span> <span class='ocrx_word' id='word_1_145' title='bbox 1396 1804 1577 1852; x_wconf 87' lang='lat' dir='ltr'>sancivit</span> 
     </span>
     <span class='ocr_line' id='line_1_21' title="bbox 261 1885 1574 1952; baseline 0 -21"><span class='ocrx_word' id='word_1_146' title='bbox 261 1885 459 1933; x_wconf 85' lang='lat' dir='ltr'>Mueller.</span> <span class='ocrx_word' id='word_1_147' title='bbox 485 1885 510 1932; x_wconf 94' lang='lat' dir='ltr'>l.</span> <span class='ocrx_word' id='word_1_148' title='bbox 545 1905 607 1945; x_wconf 89' lang='lat' dir='ltr'>c.,</span> <span class='ocrx_word' id='word_1_149' title='bbox 646 1887 768 1935; x_wconf 87' lang='lat' dir='ltr'>aliter</span> <span class='ocrx_word' id='word_1_150' title='bbox 801 1886 991 1934; x_wconf 85' lang='lat' dir='ltr'>Lobeck.</span> <span class='ocrx_word' id='word_1_151' title='bbox 1026 1887 1243 1952; x_wconf 81' lang='lat' dir='ltr'>Aglaoph.</span> <span class='ocrx_word' id='word_1_152' title='bbox 1265 1887 1320 1943; x_wconf 89' lang='lat' dir='ltr'>II,</span> <span class='ocrx_word' id='word_1_153' title='bbox 1349 1905 1391 1951; x_wconf 89' lang='lat' dir='ltr'>p.</span> <span class='ocrx_word' id='word_1_154' title='bbox 1420 1885 1574 1942; x_wconf 61' lang='lat'>1088„</span> 
     </span>
     <span class='ocr_line' id='line_1_22' title="bbox 262 1967 1574 2036; baseline 0.002 -23"><span class='ocrx_word' id='word_1_155' title='bbox 262 1967 337 2031; x_wconf 86' lang='lat' dir='ltr'>qui</span> <span class='ocrx_word' id='word_1_156' title='bbox 369 1986 411 2032; x_wconf 90' lang='lat' dir='ltr'>p.</span> <span class='ocrx_word' id='word_1_157' title='bbox 450 1968 588 2020; x_wconf 79' lang='lat'>1086.</span> <span class='ocrx_word' id='word_1_158' title='bbox 625 1971 670 2017; x_wconf 91' lang='lat' dir='ltr'>in</span> <span class='ocrx_word' id='word_1_159' title='bbox 707 1968 917 2036; x_wconf 88' lang='lat' dir='ltr'>Hesychii</span> <span class='ocrx_word' id='word_1_160' title='bbox 962 1968 1057 2015; x_wconf 88' lang='lat' dir='ltr'>loco</span> <span class='ocrx_word' id='word_1_161' title='bbox 1093 1968 1219 2016; x_wconf 84' lang='lat' dir='ltr'>tacite</span> <span class='ocrx_word' id='word_1_162' title='bbox 1263 1967 1401 2015; x_wconf 87' lang='lat' dir='ltr'>edidit</span> <span class='ocrx_word' id='word_1_163' title='bbox 1433 1970 1574 2028; x_wconf 76' lang='grc' dir='ltr'><em>ὀρχη-</em></span> 
     </span>
     <span class='ocr_line' id='line_1_23' title="bbox 260 2048 1575 2112; baseline -0.002 -18"><span class='ocrx_word' id='word_1_164' title='bbox 260 2051 368 2094; x_wconf 78' lang='grc' dir='ltr'><em>σταί</em></span> <span class='ocrx_word' id='word_1_165' title='bbox 399 2054 496 2104; x_wconf 74' lang='grc' dir='ltr'>μετ’</span> <span class='ocrx_word' id='word_1_166' title='bbox 542 2054 749 2112; x_wconf 72' lang='grc' dir='ltr'><em>αἰδοίου,</em></span> <span class='ocrx_word' id='word_1_167' title='bbox 799 2061 913 2097; x_wconf 87' lang='lat' dir='ltr'>recte</span> <span class='ocrx_word' id='word_1_168' title='bbox 950 2049 1007 2096; x_wconf 91' lang='lat' dir='ltr'>ad</span> <span class='ocrx_word' id='word_1_169' title='bbox 1053 2068 1230 2097; x_wconf 86' lang='lat' dir='ltr'>sensum</span> <span class='ocrx_word' id='word_1_170' title='bbox 1267 2048 1345 2095; x_wconf 88' lang='lat' dir='ltr'>sed</span> <span class='ocrx_word' id='word_1_171' title='bbox 1391 2066 1480 2093; x_wconf 91' lang='lat' dir='ltr'>non</span> <span class='ocrx_word' id='word_1_172' title='bbox 1527 2058 1575 2093; x_wconf 80' lang='lat' dir='ltr'>ut</span> 
     </span>
     <span class='ocr_line' id='line_1_24' title="bbox 260 2127 1572 2194; baseline 0.001 -20"><span class='ocrx_word' id='word_1_173' title='bbox 260 2127 393 2174; x_wconf 87' lang='lat' dir='ltr'>verba</span> <span class='ocrx_word' id='word_1_174' title='bbox 429 2128 596 2175; x_wconf 85' lang='lat' dir='ltr'>eruisse</span> <span class='ocrx_word' id='word_1_175' title='bbox 631 2129 728 2193; x_wconf 81' lang='lat' dir='ltr'>ipsa</span> <span class='ocrx_word' id='word_1_176' title='bbox 761 2130 972 2181; x_wconf 82' lang='lat' dir='ltr'>videatur.</span> <span class='ocrx_word' id='word_1_177' title='bbox 1040 2130 1180 2177; x_wconf 81' lang='lat' dir='ltr'>Nobis</span> <span class='ocrx_word' id='word_1_178' title='bbox 1205 2128 1572 2194; x_wconf 86' lang='lat' dir='ltr'>componentibus</span> 
     </span>
     <span class='ocr_line' id='line_1_25' title="bbox 258 2209 1572 2277; baseline 0 -22"><span class='ocrx_word' id='word_1_179' title='bbox 258 2209 448 2277; x_wconf 85' lang='lat' dir='ltr'>Hesych.</span> <span class='ocrx_word' id='word_1_180' title='bbox 484 2230 520 2256; x_wconf 79' lang='lat' dir='ltr'>v,</span> <span class='ocrx_word' id='word_1_181' title='bbox 553 2217 891 2273; x_wconf 74' lang='grc' dir='ltr'><em>βρυλλιχιστοιί·</em></span> <span class='ocrx_word' id='word_1_182' title='bbox 925 2218 967 2259; x_wconf 80' lang='grc' dir='ltr'>οἱ</span> <span class='ocrx_word' id='word_1_183' title='bbox 1002 2214 1174 2272; x_wconf 62' lang='grc' dir='ltr'><em>αἰσχροὶ</em></span> <span class='ocrx_word' id='word_1_184' title='bbox 1204 2218 1462 2272; x_wconf 70' lang='grc' dir='ltr'><em>προςωπεῖα</em></span> <span class='ocrx_word' id='word_1_185' title='bbox 1494 2228 1572 2256; x_wconf 82' lang='grc' dir='ltr'>πε-</span> 
     </span>
     <span class='ocr_line' id='line_1_26' title="bbox 259 2290 1570 2356; baseline 0 -19"><span class='ocrx_word' id='word_1_186' title='bbox 259 2297 528 2353; x_wconf 74' lang='grc' dir='ltr'><em>ριτιθέμενοι</em></span> <span class='ocrx_word' id='word_1_187' title='bbox 571 2299 809 2352; x_wconf 72' lang='grc' dir='ltr'><em>γυναικεῖα</em></span> <span class='ocrx_word' id='word_1_188' title='bbox 853 2297 934 2339; x_wconf 63' lang='grc' dir='ltr'>καί</span> <span class='ocrx_word' id='word_1_189' title='bbox 972 2295 1141 2349; x_wconf 73' lang='grc' dir='ltr'><em>ὕμνους</em></span> <span class='ocrx_word' id='word_1_190' title='bbox 1180 2292 1389 2356; x_wconf 66' lang='grc' dir='ltr'><em>ᾄδοντες,</em></span> <span class='ocrx_word' id='word_1_191' title='bbox 1439 2290 1570 2338; x_wconf 88' lang='lat' dir='ltr'>latere</span> 
     </span>
     <span class='ocr_line' id='line_1_27' title="bbox 260 2371 1571 2436; baseline 0.002 -20"><span class='ocrx_word' id='word_1_192' title='bbox 260 2372 490 2418; x_wconf 80' lang='lat' dir='ltr'>videbatur</span> <span class='ocrx_word' id='word_1_193' title='bbox 529 2376 760 2435; x_wconf 72' lang='grc' dir='ltr'><em>ὀρχησταί</em></span> <span class='ocrx_word' id='word_1_194' title='bbox 789 2377 1093 2436; x_wconf 69' lang='grc' dir='ltr'><em>μελῳδοῦντες</em></span> <span class='ocrx_word' id='word_1_195' title='bbox 1134 2373 1198 2420; x_wconf 87' lang='lat' dir='ltr'>vel</span> <span class='ocrx_word' id='word_1_196' title='bbox 1235 2375 1403 2429; x_wconf 81' lang='grc' dir='ltr'><em>ὕμνους</em></span> <span class='ocrx_word' id='word_1_197' title='bbox 1435 2371 1571 2436; x_wconf 72' lang='grc' dir='ltr'><em>ᾆδον-</em></span> 
     </span>
     <span class='ocr_line' id='line_1_28' title="bbox 258 2452 1569 2518; baseline 0.002 -21"><span class='ocrx_word' id='word_1_198' title='bbox 258 2471 337 2503; x_wconf 57' lang='lat' dir='ltr'>ves.</span> <span class='ocrx_word' id='word_1_199' title='bbox 406 2453 451 2499; x_wconf 93' lang='lat' dir='ltr'>Si</span> <span class='ocrx_word' id='word_1_200' title='bbox 487 2453 597 2500; x_wconf 87' lang='lat' dir='ltr'>nihil</span> <span class='ocrx_word' id='word_1_201' title='bbox 633 2465 721 2511; x_wconf 77' lang='lat' dir='ltr'>est,</span> <span class='ocrx_word' id='word_1_202' title='bbox 758 2453 913 2500; x_wconf 87' lang='lat' dir='ltr'>lusisse</span> <span class='ocrx_word' id='word_1_203' title='bbox 943 2466 1158 2518; x_wconf 81' lang='lat' dir='ltr'>putemur.</span> <span class='ocrx_word' id='word_1_204' title='bbox 1240 2452 1459 2500; x_wconf 81' lang='lat' dir='ltr'>Videntur</span> <span class='ocrx_word' id='word_1_205' title='bbox 1493 2472 1569 2500; x_wconf 88' lang='lat' dir='ltr'>au-</span> 
     </span>
     <span class='ocr_line' id='line_1_29' title="bbox 258 2533 1567 2600; baseline 0.003 -23"><span class='ocrx_word' id='word_1_206' title='bbox 258 2543 341 2578; x_wconf 84' lang='lat' dir='ltr'>tem</span> <span class='ocrx_word' id='word_1_207' title='bbox 377 2534 422 2580; x_wconf 87' lang='lat' dir='ltr'>in</span> <span class='ocrx_word' id='word_1_208' title='bbox 455 2533 855 2582; x_wconf 88' lang='lat' dir='ltr'>honorem-Dianae</span> <span class='ocrx_word' id='word_1_209' title='bbox 891 2534 971 2582; x_wconf 87' lang='lat' dir='ltr'>hae</span> <span class='ocrx_word' id='word_1_210' title='bbox 1007 2534 1256 2582; x_wconf 85' lang='lat' dir='ltr'>saltationes</span> <span class='ocrx_word' id='word_1_211' title='bbox 1293 2545 1567 2600; x_wconf 87' lang='lat' dir='ltr'>comparatae</span> 
     </span>
    </p>
   </div>
   <div class='ocr_carea' id='block_1_3' title="bbox 257 2612 406 2663">
    <p class='ocr_par' dir='ltr' id='par_1_3' title="bbox 257 2612 406 2663">
     <span class='ocr_line' id='line_1_30' title="bbox 257 2612 406 2663; baseline 0.04 -6"><span class='ocrx_word' id='word_1_212' title='bbox 257 2612 406 2663; x_wconf 76' lang='lat' dir='ltr'>fuisse.</span> 
     </span>
    </p>
   </div>
  </div>
 </body>
</html>
