1677 3059
533 236 595 245 —
712 207 799 256 171
909 234 974 242 —-

471 353 514 398 3.
593 349 1035 401 Aetolica.

532 462 568 508 F
588 479 610 507 r
625 478 648 507 a
667 479 695 524 g
712 479 767 507 m.
822 461 981 507 XXIV.

228 562 430 610 Diomed.
467 563 657 610 Gramm.
691 563 725 621 I,
765 581 807 628 p.
839 563 946 610 310.
983 562 1159 610 Putseh.

206 649 446 713 Postquam
492 647 698 712 exemplis
743 647 1040 695 corroboravit
1075 667 1169 697 esse
1215 647 1293 696 ubi
1331 667 1412 695 no-

110 730 228 778 mina
263 729 440 793 gentilia
475 727 743 776 descendant
784 746 808 774 a
850 739 1011 786 matre,
1055 733 1111 792 (v.
1158 729 1214 776 ad
1258 730 1412 793 fragm.

111 811 341 874 XXVII.)‚
377 828 455 857 avo
493 809 590 872 (cfr.
625 809 670 855 in
704 809 832 871 srgm.
862 810 1021 867 XVII.)
1060 809 1224 873 pergit:
1261 822 1368 857 »aut
1392 830 1416 858 a

113 891 238 949 filiis,
298 901 345 937 ut
386 888 542 936 Althea
587 894 688 952 (scr.
736 888 941 953 Althaea)
990 890 1250 953 Meleagris‚
1305 891 1418 938 sicut

114 973 284 1036 Ibycus
317 971 515 1019 Glaecus
548 969 738 1017 retulit«
804 970 924 1016 Dixit
958 970 1091 1032 igitur
1124 982 1276 1036 poeta:

181 1058 386 1101 Ἀλθαία
419 1057 690 1112 Μελεαγρις,
723 1084 734 1095 .
771 1086 782 1096 .
818 1086 830 1097 .
866 1085 877 1096 .
1110 1069 1119 1082 1
1256 1074 1300 1080 —⁴

116 1133 285 1180 Thestii
323 1151 372 1180 ex
405 1130 720 1198 Eurythemide
755 1130 868 1178 filiae
902 1131 1112 1190 Althaea,
1148 1093 1293 1193 Luteda
1328 1136 1421 1202 Hy-

118 1211 733 1278 pern1nest1a,Apollod.I‚
804 1214 930 1269 ‚.1O
1010 1213 1065 1260 Et
1105 1215 1290 1263 Althaea
1326 1218 1424 1282 qui-

120 1293 222 1341 dem
258 1294 409 1341 Oeneo
440 1293 591 1358 nupsit
625 1293 717 1356 regi
756 1293 1016 1361 Calydoni8‚
1053 1313 1101 1341 ex
1134 1315 1220 1361 qua
1255 1310 1427 1362 praeter

123 1375 231 1422 alios
265 1374 378 1423 filios
412 1374 604 1439 suscepit
637 1373 919 1436 Meleagrum.
1001 1375 1090 1437 Qui
1127 1395 1261 1441 quum
1301 1377 1426 1424 sorti-

124 1456 276 1503 tudine
320 1456 528 1503 emineret
572 1454 686 1501 inter
720 1454 898 1514 fratres,
955 1468 1093 1503 mater
1134 1457 1179 1503 in
1216 1458 1426 1506 honorem

127 1538 220 1601 ejus
244 1535 528 1598 Meleagridis
558 1553 801 1597 cognomen
826 1537 982 1602 adepta
1004 1548 1078 1584 est.
1140 1539 1280 1585 Fuere
1302 1539 1428 1599 adeo,

128 1619 204 1684 qui
236 1635 386 1664 verum
419 1626 587 1681 patrem
624 1634 714 1661 non
751 1616 925 1674 Oenea,
962 1617 1042 1665 sed
1076 1617 1261 1666 Martem
1283 1621 1430 1685 perhi-

128 1699 282 1746 berent
325 1697 487 1753 fuisse,
538 1696 653 1744 velut
677 1697 828 1765 Eurip.
866 1697 1073 1761 Meleagr.
1111 1716 1178 1764 ap.
1212 1700 1431 1749 Plutarch.

128 1777 299 1827 Morall.
334 1798 377 1845 p.
408 1779 519 1837 312,
551 1779 605 1825 A.

561 1930 675 1975 Fra
694 1947 794 1991 gm.
859 1930 997 1975 XXV.

263 2026 409 2076 Schol.
440 2027 583 2094 Apoll.
620 2028 703 2074 Rh.
740 2028 773 2084 Ι,
812 2027 915 2077 146.

237 2114 436 2163 Εἰκότως
469 2117 658 2164 Αἰτωλίς
689 2116 719 2171 ἡ
749 2114 904 2176 Λήδα,
938 2111 1033 2157 ἐπεὶ
1065 2114 1264 2164 Αἰτωλὸς
1301 2116 1327 2161 ὁ
1361 2119 1440 2161 Θέ-

139 2210 278 2243 σπιος.
314 2195 393 2238 καί
424 2196 596 2254 εἴρηκεν
629 2196 727 2241 ἀπὸ
759 2195 839 2251 τῆς
869 2194 1050 2256 χώρας,
1104 2198 1163 2245 ὠς
1192 2198 1232 2241 εἴ
1261 2213 1326 2246 τις
1360 2197 1443 2243 τὸν

140 2274 451 2335 Συρακούσιον
494 2276 677 2322 Σικελὸν
719 2277 835 2321 εἴποι
872 2276 901 2331 «ἢ
951 2277 1030 2321 τὸν
1065 2279 1294 2332 Ῥωμαῖον
1327 2282 1442 2323 Ἰτα-

139 2358 231 2404 λὸν.
300 2358 352 2399 Ὁ
387 2358 435 2400 δὲ
462 2354 503 2402 Ἰ
509 2362 534 2417 β
545 2372 678 2405 υκος
710 2360 1001 2416 Πλευρωνίαν
1033 2359 1199 2419 φησίν,
1245 2358 1443 2404 Ἑλλάνι-

143 2457 220 2490 κος
247 2444 295 2486 δὲ
318 2440 634 2484 Καλυδωνίαν.
698 2437 945 2498 Φερεκύδης
966 2439 1006 2480 δ’
1031 2439 1077 2480 ἐν
1104 2437 1163 2494 τῇ
1185 2441 1220 2500 β’
1247 2443 1297 2484 ἐκ
1319 2448 1445 2485 Λαο-

141 2520 309 2579 φόντης
338 2519 418 2573 τῆς
444 2518 707 2578 Πλευρῶνος
729 2520 892 2574 Λήδαν
916 2517 996 2562 καί
1015 2519 1246 2564 Ἀλθαίαν
1268 2522 1446 2580 Θεσπίῳ

141 2604 357 2661 γενέσθαι
387 2604 527 2657 φησίν
539 2632 558 2660 ,
595 2597 736 2645 Sturz.
774 2599 902 2663 srgm.
938 2598 981 2645 8.
