1677 3059
528 206 966 254 ..29-

96 346 252 403 Adde,
308 345 428 412 quod
464 345 728 413 Pythagorei
770 346 958 393 Crotone
1001 364 1027 393 a
1073 345 1238 413 Cylone
1274 347 1396 411 ejecti

97 426 318 489 Rhegium
362 425 649 489 confugerant
702 436 897 491 tempore
946 426 1156 474 Anaxilae
1207 428 1396 494 tyranni,

96 506 286 553 Aristox.
322 526 389 572 ap.
426 506 582 554 Jambl.
622 508 723 564 35.‚
755 506 873 553 uude
907 518 970 553 tot
993 506 1221 570 Rheginos
1241 509 1286 555 in
1309 508 1397 574 Py-

98 585 305 649 thagorae
336 586 576 653 discipulos
610 585 768 633 relatos
804 586 1000 649 legimus.

213 668 313 715 Non
343 666 661 732 praetereunda
684 666 815 713 nobis
850 666 1086 714 consimilis
1112 667 1264 715 fabula
1287 669 1398 716 Ger-

97 747 288 806 manica,
342 767 427 812 qua
472 766 571 794 cum
603 746 758 811 Ibycia
797 748 1044 795 narratione
1081 748 1231 796 collata
1263 769 1398 815 appa-

98 845 193 874 rere
233 828 430 883 videtur,
495 826 552 873 ad
601 827 943 874 confirmandam
996 828 1166 876 divinae
1211 831 1399 894 justitiae

97 909 425 972 persuasionem
470 907 570 954 talia
603 908 649 954 in
692 926 766 954 ore
808 908 960 973 populi
1008 909 1147 956 solere
1189 911 1398 958 celebrari

97 987 315 1052 variisque
357 987 580 1036 coloribus
616 1006 697 1053 pro
739 999 984 1053 temporum
1018 990 1184 1037 ratione
1217 991 1400 1039 diversis

97 1067 393 1115 condecorari.
496 1068 707 1116 Fabulam
750 1069 961 1126 dicimus,
1022 1089 1133 1135 quae
1179 1084 1315 1119 exstat
1354 1073 1399 1120 in

95 1147 256 1194 Boner.
293 1148 517 1210 Margarit.
536 1137 641 1194 'fab.
665 1149 776 1195 LXI.
848 1150 999 1214 Caupo
1029 1151 1154 1214 jussu
1186 1153 1300 1215 regis
1328 1172 1399 1200 co-

97 1246 189 1275 mes
225 1228 402 1276 additur
434 1229 630 1288 Judaeo‚
667 1230 743 1294 qui
780 1247 886 1276 auro
921 1243 1126 1279 oneratus
1148 1233 1229 1279 iter
1262 1234 1399 1281 factu-

97 1328 173 1357 rus
207 1327 288 1375 per
321 1308 472 1356 silvam
502 1321 625 1357 essct.
694 1310 912 1357 Judaeum
944 1329 1185 1376 cauponem
1219 1313 1303 1360 sibi
1333 1315 1399 1360 in-

97 1390 233 1438 sidias
270 1400 437 1436 struere
481 1390 737 1436 sentientem
783 1402 923 1436 metus
959 1391 1161 1440 incessit:
1208 1412 1305 1440 aves
1338 1395 1399 1441 ibi

98 1469 487 1519 circumvolitantes¹
538 1488 630 1517 rem
679 1482 904 1535 aperturas
959 1472 1156 1520 affirmat.
1249 1475 1400 1541 Caupo

96 1551 320 1617 perdicem
356 1549 627 1597 advolantem
663 1551 939 1615 conspicatus
964 1572 1043 1618 per
1067 1554 1308 1602 ludibrium
1330 1575 1400 1602 ex-

98 1631 280 1678 clamat:
328 1633 471 1678 Ecce!
504 1630 713 1688 Judaee;
750 1650 847 1696 qua
880 1643 923 1680 te
956 1635 1168 1699 afficiam
1207 1647 1401 1683 mortem

97 1712 356 1760 declarabit
376 1713 559 1777 per-dciv.
629 1712 736 1759 Post
771 1730 910 1778 caupo
942 1714 1036 1777 regi
1063 1715 1287 1780 perdicem
1319 1718 1401 1763 mi-

96 1792 274 1849 nistrat,
310 1791 447 1838 risum
475 1801 620 1839 t'enere
651 1792 879 1857 impotens.
952 1794 1161 1842 Caussam
1185 1814 1289 1859 rege
1315 1798 1400 1844 sci-

96 1870 278 1917 scitante
307 1871 592 1918 conturbatus
627 1891 720 1919 rem
754 1872 925 1937 prodit:
961 1893 1201 1941 suspensus
1235 1897 1399 1944 poenas

95 1949 187 1997 luit.
266 1951 406 1998 Simili
441 1952 728 2000 fundamento
769 1953 922 2001 nititur
956 1955 1105 2004 fabula
1141 1975 1208 2023 ap.
1244 1959 1399 2007 fratres

99 2030 336 2078 Grimmios
371 2033 425 2090 Π,
459 2035 534 2082 29.

228 2112 449 2161 Hactenus
502 2113 557 2161 de
602 2115 687 2162 vita
731 2116 922 2181 fatisque
966 2128 1119 2182 poetae
1161 2117 1400 2184 disputavi-

97 2208 217 2238 mus:
260 2210 532 2258 consequens
566 2206 653 2252 est,
698 2207 744 2242 ut
777 2196 830 2243 de
866 2198 975 2245 xitae
1011 2197 1158 2245 indole
1194 2198 1399 2264 dispicia-

98 2289 207 2318 mus.
274 2271 384 2318 Nam
418 2285 546 2337 poeta
578 2273 744 2338 lyricus
776 2295 910 2341 quum
936 2278 1004 2323 sui
1034 2296 1189 2325 sensus
1211 2279 1399 2342 pectoris

97 2352 262 2399 fidibus
295 2353 557 2400 committere
592 2355 750 2412 soleat,
805 2368 845 2403 et
880 2358 935 2404 ad
971 2356 1270 2423 explicandam
1305 2376 1398 2403 car-

96 2433 263 2481 minum
298 2432 573 2480 affectionem
607 2453 719 2499 opus
745 2447 809 2483 est
843 2437 1041 2499 cognitos
1066 2435 1228 2482 habere
1254 2455 1397 2484 mores

96 2515 294 2578 vitaeque
340 2513 529 2560 rationes
573 2525 749 2579 poetae,
804 2528 845 2562 et
886 2534 935 2562 ex
978 2515 1245 2563 carminibus
1281 2515 1398 2564 deri-

95 2594 236 2642 vanda
270 2605 387 2660 patet
423 2611 542 2651 esse,
601 2593 763 2658 quibus
797 2595 870 2643 illa
906 2595 971 2643 vel
1004 2605 1299 2642 sustententur
1332 2597 1398 2644 vel
