1677 3059
571 220 633 232 =--
745 192 829 238 101
943 220 1008 227 —

133 331 263 380 Unde
298 330 580 378 scribendum
617 330 871 395 conjicimus
907 331 1148 394 καβάλλει,
1193 341 1240 377 ut
1271 342 1335 378 est
1366 352 1431 399 ap.

133 412 386 460 Alcmanem
422 413 652 475 καβοίίνω,
689 430 754 476 ap.
788 409 965 458 Pindar.
1002 413 1219 476 κάπετον,
1256 411 1309 459 de
1337 415 1433 478 qui-

134 493 220 540 bus
244 512 280 539 V.
314 491 503 539 Boeckh.
535 502 640 538 nott.
678 493 784 539 critt.
817 491 885 538 Ol.
923 490 1038 547 VIII,
1075 492 1159 548 38;
1195 494 1430 540 Hermann.

135 574 326 639 Opuscc.
348 573 381 630 I,
405 590 446 637 p.
469 574 586 629 2613
615 571 726 619 adde
746 572 937 635 Hesych.
960 591 996 620 v,
1020 574 1250 634 πάβλημα.
1284 575 1432 622 Altera

134 654 245 700 ratio
272 672 321 701 ea
344 664 431 709 est,
466 663 514 700 ut
532 672 589 709 με
612 653 829 699 inseratur
852 662 949 697 ante
971 653 1134 714 βάλλει.
1201 655 1279 701 Est
1303 656 1430 713 enim,

134 733 212 780 ubi
240 734 283 780 in
307 733 459 781 eodem
487 733 716 781 enunciato
738 730 985 797 duplicetur
1006 750 1273 796 pronomen,
1312 737 1433 801 quod

133 812 229 861 fieri
258 813 388 871 solet,
422 814 500 860 ubi
536 812 600 860 vel
633 824 732 878 post
760 811 1003 874 longiorem
1036 812 1269 859 verborum
1294 815 1428 862 ambi-

131 904 224 940 tum
258 893 438 940 lectores
473 893 745 941 auditoresve
765 891 973 938 monendi
1002 903 1125 950 sunt,
1163 890 1217 940 de
1241 912 1328 958 quo
1351 914 1430 959 po-

130 973 347 1021 tissimum
381 985 561 1037 agatur,
601 973 667 1021 vel
701 972 778 1020 ubi
813 973 1070 1019 commotior
1102 974 1239 1021 oratio
1275 976 1428 1039 surgit,

128 1052 260 1100 veluti
289 1052 427 1118 Soph.
466 1053 625 1119 Oedip.
663 1052 752 1099 Col.
788 1052 925 1100 1401.

190 1136 257 1192 μή
278 1140 352 1181 τοί
371 1153 456 1198 με,
488 1136 598 1196 πρὸς
630 1137 771 1198 θεῶν,
805 1136 934 1197 σφῷν
955 1135 1033 1181 ἐάν
1055 1139 1161 1194 γάἱ
1180 1139 1304 1185 τοῦδ’
1319 1141 1431 1200 ἀραί

191 1215 365 1275 πατρὸς
389 1217 606 1261 τελῶνται
617 1250 636 1278 ,
670 1222 751 1262 καί
772 1233 837 1266 τις
858 1205 965 1270 ὗμιν
985 1219 1025 1264 ἐς
1048 1217 1214 1270 δόμους

193 1296 351 1345 νόστος
369 1300 583 1358 γένηται,
619 1297 684 1352 μή
705 1301 753 1352 μ’
779 1296 1037 1351 verendam&
1055 1313 1118 1357 γε.

126 1375 336 1423 Similiter
366 1375 590 1440 Aristoph.
626 1376 737 1441 qu.
771 1376 878 1423 788.
915 1375 1048 1422 Dind.
1085 1375 1127 1422 in
1165 1378 1291 1424 simili
1328 1398 1425 1426 ora-

125 1456 256 1503 tionis
291 1455 486 1503 circuitu.
552 1456 626 1503 Ad
651 1456 889 1503 omittenda
914 1455 1013 1502 talia
1049 1457 1260 1521 proclives
1290 1459 1424 1507 fuisse

125 1535 328 1582 librarios
363 1547 500 1600 patet:
546 1536 673 1584 sicuti
704 1537 823 1603 apud
857 1537 1079 1602 Aristoph.
1114 1537 1208 1584 cod.
1248 1551 1288 1586 et
1323 1541 1421 1587 edit.

124 1616 248 1662 Suid.
284 1633 351 1680 ap.
386 1615 520 1661 Dind.
562 1617 740 1664 alterum
776 1637 824 1665 σε
857 1635 946 1663 non
977 1632 1326 1667 commemorant.
1373 1623 1423 1668 In

123 1695 258 1762 Soph.
293 1695 358 1743 El.
396 1698 502 1746 638.
539 1699 683 1745 Herm.
719 1709 862 1745 tamen
908 1697 1026 1744 nulla
1068 1698 1227 1746 idonea
1269 1720 1422 1749 caussa

122 1786 210 1833 est,
246 1793 325 1822 cur
356 1789 457 1843 post
487 1784 690 1843 ἐκβαλεῖν
724 1778 973 1825 intrudatur
1007 1784 1072 1834 μ’,
1110 1780 1239 1826 unius
1274 1793 1421 1828 aucto-

118 1855 243 1901 ritate
287 1855 389 1904 libri
423 1860 670 1917 Monacini‚
723 1859 843 1924 quod
868 1849 1025 1905 ⁴suasit
1058 1858 1222 1922 Reisig.
1266 1879 1418 1908 comm.

121 1935 228 1981 critt.
260 1935 393 2002 Soph.
434 1940 486 1987 0.
527 1942 570 1988 C.
612 1943 748 1988 1273.
780 1940 882 1997 74,
922 1957 970 1986 ac
992 1939 1169 1986 minime
1199 1940 1420 2004 inelegan-

119 2026 203 2061 tem
242 2015 357 2062 illam
398 2021 657 2086 scripturam
702 2020 867 2085 judicat
909 2021 1197 2067 Ilm-mannus.
1279 2022 1418 2069 Nobis

122 2114 173 2142 eo
206 2095 299 2142 loco
335 2091 498 2147 nullam
529 2102 615 2148 vim
652 2101 822 2148 videtur
855 2100 1040 2157 habere,
1078 2118 1214 2164 quum
1248 2101 1315 2147 vix
1347 2120 1418 2148 ex-

119 2176 261 2223 audiri
283 2181 422 2242 possit
445 2192 541 2228 ante
563 2202 600 2228 v.
623 2186 744 2243 ἐφῇς.
778 2183 868 2228 Nec
891 2181 936 2227 in
961 2199 1010 2226 eo
1035 2181 1294 2228 assentimur
1313 2183 1416 2229 Rei-

118 2259 255 2321 sigi0‚
292 2259 411 2322 quod
438 2261 547 2307 Xen.
584 2262 750 2310 Oecon.
786 2263 843 2320 X,
866 2261 908 2308 4.
945 2261 1029 2308 huc
1060 2262 1198 2307 traxit.
1267 2263 1334 2309 Ibi
1358 2264 1416 2310 le-

118 2339 254 2401 gitur:
290 2343 344 2384 οῦ
375 2342 464 2400 γὰρ
500 2343 558 2387 ἄν
590 2349 734 2405 ἔγωγέ
767 2362 824 2390 σε
858 2348 1112 2403 δυναίμην,
1148 2347 1184 2387 εἰ
1216 2346 1417 2394 τοιοῦτος

115 2422 232 2483 εἴης,
288 2422 601 2469 ἀσπάσασθαι
643 2443 704 2470 σε
742 2430 792 2471 ἐκ
828 2426 908 2480 τῆς
950 2425 1105 2479 ψυχῆς.
1198 2423 1414 2487 Repetitio

115 2499 223 2546 mihi
258 2499 298 2545 h.
335 2498 360 2545 l.
396 2501 562 2548 nullum
606 2522 733 2551 usum
767 2504 927 2550 habere
973 2502 1144 2548 videtur
1184 2503 1414 2549 omissum-

115 2597 200 2644 que
233 2579 414 2627 alterum
449 2601 497 2629 σε
528 2583 582 2629 ab
619 2585 793 2649 optimis
831 2584 956 2631 codd.
994 2581 1307 2629 secludendum
1338 2596 1412 2631 est-
