1677 3059
523 217 586 224 —
698 190 788 236 155
897 214 963 222 -

92 331 201 377 Non
249 328 370 375 enim
399 329 595 392 frustra
636 319 768 392 filius
814 325 984 390 Tydei,
1034 324 1219 373 sortasse
1261 328 1394 388 ἔκβα-

93 416 167 454 λεν
197 412 340 468 ἔγχος.
416 409 484 455 De
519 427 722 456 mensura
755 406 931 455 frustuli
966 405 1054 453 dixi
1099 406 1146 453 in
1188 404 1392 468 Prolegg.

94 507 136 553 p.
166 490 239 535 77.
284 488 488 536 Formam
522 507 651 554 quam
686 507 737 535 ex
758 487 967 536 Alcmane
1001 486 1140 535 attulit
1167 486 1396 533 Gramma-

95 569 206 614 ticus
243 569 510 617 conservavit
544 581 585 616 et
616 569 804 636 Hesych.
839 571 1040 616 ταΰσιον.
1074 570 1286 625 μάταιον.
1332 567 1396 614 Ita

96 648 210 695 enim
243 648 355 713 vulg.
394 652 616 707 ταύσιμον
649 649 835 698 correxit
868 650 1039 697 Alberti
1072 651 1135 707 II,
1177 667 1220 714 p.
1259 649 1396 697 1553.

98 727 243 789 Quam
279 741 420 777 autem
456 732 712 778 sententiam
745 730 853 777 dixit
886 729 940 776 de
978 729 1147 791 origine
1170 729 1288 776 vocis
1311 729 1397 775 He-

96 807 331 867 rodianus,
366 810 432 856 vir
464 811 519 857 ab
553 810 796 858 eruditione
826 828 956 874 quam
984 828 1007 855 a
1039 809 1264 872 judicandi
1292 809 1400 856 sub-

93 887 246 935 tilitate
282 888 556 948 instructior,
591 890 690 938 licet
715 890 1061 956 comprobaverit
1093 889 1286 936 Geistius
1309 889 1399 936 dis-

98 967 259 1031 quisitt.
291 969 494 1029 Homer.,
533 971 688 1019 Gissae
723 974 863 1029 1832,
897 973 965 1028 4.,
1000 991 1042 1037 p.
1069 971 1216 1035 4sq.,
1251 987 1300 1016 ea
1336 981 1400 1016 ta-

95 1055 204 1111 men«¹
221 1049 281 1096 ita
308 1063 558 1116 comparata
581 1064 669 1110 est,
706 1065 753 1100 ut
778 1053 983 1099 historiae
1004 1051 1217 1098 sermonis
1243 1050 1402 1098 Graeci

94 1147 343 1194 repugnare
377 1130 585 1178 videatur.
660 1133 855 1180 Primum
890 1134 1004 1180 enim
1040 1151 1130 1182 non
1162 1143 1226 1179 est
1261 1131 1403 1179 credi-

96 1208 184 1257 bile
217 1211 400 1278 Ibycum
435 1223 564 1277 atquc
599 1212 853 1260 Alcmanem
885 1213 1070 1260 sormam
1104 1213 1295 1259 Homero
1325 1230 1403 1258 an-

96 1291 330 1356 tiquiorem
373 1310 632 1358 usurpasse;
692 1294 852 1341 deinde
889 1294 995 1341 haee
1030 1305 1094 1341 est
1132 1292 1199 1339 lex
1231 1291 1403 1355 lingua-

97 1395 195 1423 rum
228 1387 357 1440 atque
389 1393 566 1431 norma,
603 1386 651 1422 ut
685 1373 957 1422 saeculorum
989 1375 1178 1422 decursu
1212 1372 1402 1420 vocabu-

97 1455 238 1503 lorum
273 1456 474 1503 nonnihil
507 1455 573 1503 vel
600 1457 656 1503 ab
691 1455 815 1502 initio
851 1454 1162 1512 absorbeatur,
1198 1453 1263 1500 vel
1294 1452 1403 1500 deli-

98 1547 232 1584 tescat
262 1538 309 1584 in
338 1536 653 1584 terminatione.
723 1535 872 1598 Quare
902 1535 1182 1583 Homericum
1203 1535 1312 1582 illud
1335 1535 1402 1582 fas

98 1628 164 1664 est
197 1629 386 1664 statuere
417 1617 683 1681 primitivum
717 1633 838 1671 esse,
874 1615 994 1681 apud
1028 1617 1292 1681 posteriores
1325 1634 1403 1663 au-

95 1709 183 1745 tem
214 1709 366 1763 poetas
406 1697 645 1745 Dorienses
679 1695 744 1743 vel
778 1704 840 1755 ηϋ
881 1697 925 1743 in
967 1717 1027 1744 αυ
1074 1697 1303 1744 eduruisse
1336 1696 1404 1744 vel

99 1777 316 1842 abjectum
361 1778 491 1844 plane
525 1776 636 1824 illud
679 1795 708 1824 τ
742 1777 867 1842 quod,
910 1790 975 1825 est
1018 1779 1064 1824 in
1098 1778 1237 1843 capite
1276 1796 1404 1824 voca-

97 1858 204 1906 buli.
291 1859 345 1906 Id
376 1845 479 1906 rero
514 1869 561 1904 ut
595 1857 641 1903 in
677 1858 881 1905 consonis
923 1858 1197 1906 mollioribus
1228 1859 1404 1924 saepius

98 1939 260 1987 factum
284 1952 372 1998 est,
406 1941 467 1988 ita
491 1941 624 2005 hujus
650 1937 797 1986 literae
819 1951 992 2005 praeter
1016 1938 1245 1985 articulum
1267 1957 1404 1986 unum

100 2029 266 2068 tantum
294 2021 437 2069 habeo
472 2019 715 2084 exemplum
739 2020 851 2066 intra
884 2036 1038 2066 manus
1073 2018 1208 2083 idque
1243 2020 1290 2066 in
1323 2038 1405 2065 no-

101 2100 232 2147 minis
265 2102 434 2167 proprii
470 2100 643 2148 licentia
678 2100 977 2165 conspicuum.
1056 2099 1169 2145 Nam
1211 2102 1294 2147 τὸν
1330 2108 1405 2147 Tc-

102 2198 194 2241 φυν
236 2184 263 2229 o‘
316 2183 536 2236 Αἰσχύλος
580 2185 628 2228 ἐν
670 2182 730 2240 τῇ
776 2182 1019 2244 Ἀργοῖ-Η)
1075 2173 1206 2241 ῗΙςρυν
1248 2189 1404 2245 καλεῖ,

159 2335 231 2388 43)
259 2339 406 2387 Legitur
431 2339 480 2373 ihi
508 2341 706 2384 Δίσχηλος,
738 2341 833 2388 quod
860 2341 931 2386 jam
959 2346 1039 2373 ante
1067 2339 1327 2373 WVellauerum
1352 2338 1406 2372 vi-

233 2404 321 2438 tium
348 2401 435 2438 eluit
460 2404 668 2440 VVeichert.
693 2406 736 2441 de
763 2406 881 2453 Apoll.
909 2404 976 2439 Rh.
1004 2418 1038 2450 p.
1061 2405 1161 2444 2263
1191 2411 1225 2437 at
1247 2417 1320 2437 non
1346 2415 1406 2436 re-

235 2469 329 2515 cepit
356 2468 578 2503 Dindorfius.
625 2471 697 2506 Sed
721 2479 838 2506 certae
860 2469 1099 2504 emendationi
1121 2481 1266 2514 pravam
1289 2467 1406 2502 xvel-

233 2535 376 2569 lauerus
405 2533 572 2569 comitem
610 2535 725 2578 dedit,
776 2537 836 2583 qui
864 2548 930 2583 pro
959 2536 993 2570 ἐν
1018 2535 1059 2579 τῇ
1085 2534 1214 2582 Ἀργοῖ
1237 2547 1311 2568 non
1340 2533 1405 2567 du-

236 2600 323 2634 bitet
350 2599 436 2646 quin
466 2599 656 2647 legendum
683 2600 727 2635 sit
751 2602 786 2636 ἐν
808 2600 990 2649 Ἀργείοις.
1059 2599 1159 2645 Quid
1189 2598 1298 2635 vero?
1334 2612 1408 2633 non
