1677 3059
549 230 614 239 ....
737 199 795 245 15
926 224 990 232 -

106 339 281 404 telligo‚
339 358 478 406 quum
513 338 718 386 omnibus
763 336 994 384 momentis
1033 333 1303 402 pensiculate
1344 353 1415 384 ex-

105 421 212 470 actis
250 432 415 469 certum
449 421 530 480 sit,
587 418 866 486 tyrannidem
899 416 1145 484 Polycratis
1185 416 1277 463 sere
1310 416 1415 464 inde

99 502 158 550 ab
192 501 263 550 Ol.
299 502 422 561 LIII,
457 505 487 549 3
521 517 663 566 usque
698 499 757 546 ad
789 499 915 556 LXI,
951 499 975 545 1
1013 496 1268 564 ponendam
1303 515 1410 545 esse.

97 584 155 630 Et
195 583 257 630 ita
294 601 394 631 cum
435 581 635 646 Bentlejo
673 579 825 627 statuit
857 579 1064 626 Panofka
1096 596 1179 626 rer.
1216 577 1333 625 Sam.
1368 597 1410 644 p.

97 667 162 712 30
184 683 280 730 sqq.
338 664 391 710 In
418 680 469 710 eo
497 673 642 709 autem
666 659 804 708 salsus
829 658 991 706 Suidas
1016 671 1094 718 est,
1133 659 1255 724 quod
1279 659 1414 707 Croe-

96 763 196 793 sum
241 745 330 810 jam
377 754 472 791 tum
515 742 725 808 temporis
771 757 981 804 regnasse
1012 738 1224 798 affirmat,
1281 759 1413 806 quem

94 824 166 872 Ol.
203 826 297 883 LV,
345 827 376 872 3
412 841 600 887 regnum
645 823 866 888 accepisse
902 830 1094 878 constat,
1133 815 1185 867 'v.
1222 821 1406 885 Bentlej.

93 904 284 969 Opuscc.
308 923 352 970 p.
385 905 476 954 185
504 923 618 970 sqq.‚
660 903 726 952 cll.
751 914 897 951 tamen
919 899 1045 947 Clint.
1072 898 1127 946 de
1150 900 1261 968 Lyd.
1285 919 1406 965 regg.

89 1003 132 1050 p.
168 986 266 1033 310
283 1003 349 1051 sq.

220 1065 373 1129 Quum
408 1066 543 1130 igitur
575 1066 840 1132 patefactum
869 1063 1091 1121 videatur,
1127 1061 1293 1111 Suidae
1325 1081 1407 1109 no-

87 1149 296 1195 tationem
328 1147 539 1214 temporis
575 1158 798 1213 acceptam
830 1144 1107 1193 referendam
1145 1162 1264 1201 esse,
1313 1144 1405 1191 Eu-

87 1227 238 1275 sebius
283 1237 428 1274 autem
462 1239 593 1293 atque
642 1227 832 1295 Cyrillus
870 1244 921 1274 ex
970 1226 1162 1291 antiquis
1206 1225 1403 1272 sontibus

86 1319 129 1355 et
173 1308 357 1356 sinceris
403 1326 486 1355 sua
517 1308 730 1368 ‚hausisse
770 1306 1026 1364 videantur,
1078 1306 1290 1364 efficitur,
1346 1307 1403 1353 ad

85 1386 361 1454 Polycratem
393 1387 572 1453 quidem
589 1389 760 1436 venisse
784 1400 973 1453 poetam,
1009 1387 1208 1435 nondum
1230 1388 1400 1434 venisse

84 1467 250 1515 Suidae
295 1479 503 1533 tempore.
590 1469 742 1531 Quare
777 1467 909 1517 fidem
952 1469 1156 1534 equidem
1202 1467 1397 1532 adjungo

83 1546 249 1615 Cyrillo
284 1559 459 1614 poetam
494 1549 565 1598 Ol.
597 1552 699 1598 LIX
732 1550 1003 1598 memoranti.
1094 1549 1185 1612 Qui
1220 1549 1257 1596 si
1290 1559 1396 1596 teste

80 1630 353 1697 Hieronymo
389 1630 460 1677 Ol.
488 1632 584 1690 LX,
610 1632 634 1679 1
663 1631 944 1695 agnoscitur,
979 1634 1270 1693 γνωρίζεται,
1306 1649 1397 1677 non

78 1709 214 1757 multo
244 1721 347 1776 post
383 1711 565 1760 Samum
596 1712 770 1761 videtur
802 1712 991 1778 petisse,
1037 1713 1243 1759 invitatus
1279 1711 1396 1759 fama

77 1791 254 1858 tyranni
287 1791 476 1840 studiosi
509 1792 740 1842 hominum
772 1792 909 1841 literis
954 1791 1211 1856 artibusque
1247 1792 1393 1840 excul-

76 1880 232 1920 torum.
247 1874 292 1937 6)
361 1873 423 1920 Ut
452 1873 608 1924 eodem
634 1886 831 1942 tempore
862 1874 983 1922 Sami
1014 1873 1214 1921 videatur
1244 1891 1391 1921 versa-

131 2037 173 2083 6)
210 2037 321 2084 Quod
349 2041 565 2090 Diogenian.
595 2057 716 2091 prox-v.
744 2044 773 2088 I,
802 2045 887 2087 71.,
929 2045 975 2087 V,
1006 2044 1090 2087 12.,
1127 2043 1254 2079 Arsen.
1290 2043 1385 2079 viol.

202 2116 238 2150 p-
259 2106 335 2149 78„
364 2107 444 2143 coll.
472 2122 507 2156 p.
526 2109 631 2152 275„
662 2109 823 2157 Apostol.
850 2110 912 2152 IX,
942 2109 1004 2144 81.
1035 2110 1293 2157 perscripsere:
1322 2108 1384 2157 ἆρ-

203 2168 382 2219 καίόῐερος
407 2172 569 2220 Ἰβύκου·
613 2176 668 2211 ἐπὶ
699 2176 761 2211 τῶν
783 2174 945 2219 εὐηθῶν.
994 2166 1094 2216 οὗτος
1120 2177 1186 2224 γάρ
1214 2183 1384 2224 τυραννεῖν

203 2232 386 2280 δυνάμενος
419 2238 659 2287 ἀπεδήμησεν,
708 2242 742 2276 id
768 2255 893 2275 vercor
920 2247 958 2274 ut
985 2241 1061 2286 jure
1090 2240 1161 2276 huc
1187 2241 1381 2276 trahamus.

203 2297 296 2332 Nam
319 2299 399 2336 licet
426 2317 559 2342 nomen
587 2306 687 2355 Ibyci
721 2314 816 2342 recte
846 2306 1039 2353 repositum
1068 2306 1229 2340 videatur
1256 2306 1379 2351 (codd.

202 2362 330 2399 Arsen.
359 2373 392 2400 et
420 2368 543 2415 Apost.
570 2372 743 2419 Αῖβέκου,
774 2372 934 2420 Λῖβύκου
961 2373 1117 2417 tenent),
1156 2378 1276 2405 tamen
1304 2384 1377 2406 non

201 2436 360 2474 constat,
408 2440 526 2469 utrum
560 2437 605 2471 ad
641 2445 783 2485 poetam
821 2437 1023 2484 Rheginum
1053 2437 1123 2471 hoc
1148 2437 1376 2471 referendum

198 2493 263 2537 sit,
294 2508 339 2529 an
369 2496 411 2530 ad
435 2498 543 2534 alium
569 2508 684 2537 terrae
707 2503 818 2537 filium
848 2510 990 2550 spectet.
1045 2503 1236 2536 Praeterea
1258 2501 1374 2544 fallor,

197 2573 242 2596 an
271 2561 372 2610 origo
400 2565 579 2610 proverbii
614 2567 709 2602 nude
738 2569 857 2603 traditi
886 2574 1116 2615 praepostero
1153 2565 1374 2601 Grammati-

196 2640 320 2663 corum
350 2629 499 2665 debetur
523 2630 653 2666 studio.
719 2632 866 2669 Scatent
889 2634 983 2668 enim
1013 2632 1080 2667 hae
1101 2631 1373 2680 proverbiorum
