1677 3059
525 243 590 252 -
729 217 758 263 9
896 244 960 254 .-

94 376 193 422 rum
225 357 433 405 decorum
464 355 661 403 habitum
694 357 914 421 corporis,
949 376 985 403 v.
1012 356 1140 421 frgm.
1163 358 1321 406 XLIX.
1344 360 1393 406 L.

99 441 155 488 Et:
202 457 338 505 quum
370 437 532 505 Ibycus
569 455 593 484 a
624 437 854 485 Ps.-Ptut.
891 437 946 486 de
979 437 1147 485 nobilit.
1183 458 1217 487 c.
1251 442 1295 487 2.
1327 441 1396 488 in-

100 521 239 586 signis
273 518 488 567 nobilium
524 518 670 566 fautor
714 518 924 567 exstitisse
958 519 1264 585 perhibeatur,
1311 520 1397 568 hoc

101 602 246 667 ipsum
280 600 557 648 manifestare
589 598 781 656 videtur,
817 600 1080 648 Messeniam
1102 601 1287 666 patriam
1307 620 1400 648 ma-

102 682 246 747 jorum
280 682 439 739 fuisse,
492 699 627 745 quum
660 680 924 729 Messeniam
960 692 1127 745 partem
1160 681 1402 730 incolarum

104 761 266 825 Rhegii
294 761 572 809 illustriorem
602 761 738 808 fuisse
769 760 976 808 traditum
1004 761 1220 825 legamus,
1257 762 1401 811 Strab.

106 843 178 889 VI.
214 861 257 908 p.
286 844 394 891 259.
432 843 527 890 Cas.
608 841 696 888 Cfr.
733 842 872 908 Ileyn.
912 841 1103 908 Opuscc.
1139 844 1192 890 ΙΙ.
1225 861 1268 908 p.
1294 846 1402 892 271.

107 926 168 972 Ut
203 923 411 989 conjicias
451 923 499 970 in
539 940 691 970 eorum
724 941 907 970 numero
945 925 1243 989 reponendam
1278 925 1405 972 sami-

106 1005 209 1054 liam
240 1023 335 1052 esse
366 1015 546 1070 poetae,
593 1022 703 1067 quos
740 1007 1117 1055 δυναστευτικοὺς
1141 1005 1407 1071 a1)ud1Rl1e-

108 1087 237 1150 ginos
258 1085 407 1150 ‚fuisse
440 1084 621 1132 tradidit
651 1084 819 1132 Heracl.
857 1086 982 1132 l‘ont.
1019 1089 1094 1134 25.
1128 1079 1250 1144 ’ἦσαν
1281 1091 1411 1150 παρὰ

111 1173 204 1219 τοῖς
219 1171 442 1227 Ῥηγίνοις
466 1169 546 1212 καί
564 1164 694 1212 ἄλλοι
714 1171 1075 1230 δυναστευτικοί,
1099 1178 1271 1232 praeter
1289 1169 1411 1216 Ana-

113 1247 244 1296 xilam
278 1247 396 1294 dicit.
433 1277 495 1285 —
563 1245 690 1308 Quae
724 1247 761 1293 si
798 1246 896 1311 quis
920 1248 1231 1312 comparaverit
1253 1239 1412 1311 omnia,

115 1327 385 1393 aliquantum
414 1326 625 1394 ponderis
659 1328 895 1375 sententiae
926 1338 1100 1375 nostrae
1127 1328 1256 1388 addi,
1293 1330 1417 1380 dabit

117 1419 246 1474 atque
281 1409 501 1456 concedet.

245 1490 416 1537 Nomen
447 1490 667 1547 Eelidae,
720 1487 843 1553 quod
886 1500 1037 1536 auctor
1079 1489 1416 1554 Epigrammatis

119 1569 288 1636 parenti
324 1569 450 1637 Ibyci
484 1571 678 1635 assignat
712 1588 850 1628 unus,
898 1588 989 1616 non
1023 1569 1164 1617 habeo
1200 1572 1318 1619 uude
1353 1574 1421 1620 di·-

121 1669 216 1698 cam
253 1649 542 1709 descendere,
583 1671 718 1716 quum
746 1668 889 1716 neque
925 1651 979 1697 ab
1013 1655 1157 1710 ἠὲλιος
1190 1652 1423 1702 formatum

122 1733 263 1799 possit
296 1750 390 1779 esse
423 1750 567 1798 neque
601 1731 657 1778 ab
692 1738 867 1783 Ἠλεῖος.
953 1733 1144 1780 Tametsi
1178 1752 1279 1781 vero
1315 1735 1425 1782 scri-

124 1811 241 1879 ptori
256 1812 577 1877 epigrammatis
593 1831 683 1860 non
705 1832 864 1877 magna
877 1812 987 1861 fides
1012 1815 1184 1862 videtur
1205 1814 1425 1874 habenda,

125 1905 174 1941 ut
205 1895 280 1959 qui
313 1892 441 1958 plura
459 1893 637 1940 nomina
663 1894 710 1940 in
742 1893 980 1961 lyricorum
1009 1907 1237 1961 poetarum
1269 1914 1429 1961 paren·

125 1975 244 2023 tibus
288 1974 569 2022 recensendis
603 1986 787 2040 usurpet
819 1976 884 2023 vel
922 1995 945 2023 a
980 1989 1114 2025 semet
1144 1988 1300 2024 novata
1330 1977 1429 2043 ipso

128 2056 194 2105 vel
232 2055 415 2103 conficta
458 2056 513 2103 ab
558 2055 678 2114 aliis,
728 2068 872 2105 tamen
915 2058 1023 2105 mihi
1057 2076 1317 2124 persuasum
1352 2069 1431 2117 est,

133 2137 187 2185 de
220 2148 354 2184 aetate
377 2137 566 2184 hominis
597 2137 823 2186 honestius
848 2139 995 2204 paullo
1021 2138 1294 2185 sentiendum
1322 2157 1432 2197 esse,

135 2237 265 2283 quam
296 2218 488 2265 Naekius
523 2218 667 2266 voluit.
750 2219 792 2266 Is
826 2219 988 2285 quibus
1025 2231 1266 2266 commotus
1302 2220 1434 2266 ratio-

134 2299 267 2346 nibus
287 2299 519 2345 Musurum
543 2310 763 2347 auctorem
783 2300 965 2357 habeat,
1001 2299 1183 2363 ignom,
1220 2300 1295 2364 qui
1317 2318 1436 2346 sum-

136 2398 251 2427 mam
294 2379 530 2426 sententiae
562 2380 716 2428 Naekii
755 2400 805 2429 ex
839 2401 928 2428 uno
974 2380 1223 2427 vvelckero
1259 2399 1437 2445 accepe-

137 2461 245 2517 rim3
300 2459 383 2506 hoc
418 2459 568 2518 video,
615 2461 682 2508 vel
716 2473 935 2509 externam
968 2461 1080 2507 hanc
1124 2478 1321 2507 caussam
1357 2460 1439 2508 ob-

139 2551 253 2587 stare
287 2541 325 2586 ei
358 2540 546 2605 judici0‚
598 2542 718 2607 quod
753 2544 1020 2608 epigramma
1063 2541 1109 2586 in
1164 2539 1288 2587 libris
1331 2542 1440 2588 scri-

140 2621 228 2687 ptis
254 2622 428 2669 Musuri
453 2632 587 2669 aetate
610 2622 764 2687 procul
787 2622 924 2670 dubio
961 2620 1283 2684 antiquioribus
1309 2631 1444 2666 exstat
