1677 3059
580 190 1017 238 —89—

243 328 341 373 ἕνθ’
375 327 480 375 οὔτε
513 331 684 387 ποιμὴν
709 332 836 381 ἀξιοῖ
861 333 1034 393 φέρβειν
1064 331 1200 393 βοτά,

246 411 346 454 οὐδ’
376 400 496 466 ἦλθε·
527 429 600 457 πω
634 416 842 476 σίδηρος,
877 415 981 459 ἀλλ’
1017 411 1259 473 α’κήρατον

241 494 434 545 μέλισσα
461 493 637 548 λειμῶν’
667 494 826 553 ἠρινόν
857 496 1100 555 διέρχεται,

245 574 326 621 ἕως
358 575 406 618 δέ
438 577 708 628 ποταμίαισι
742 573 927 630 κηπεύει
959 573 1146 634 δρόσοις.

149 650 417 716 Hesperides
444 663 586 698 autem
620 671 710 699 non
741 653 917 700 memini
954 652 1059 700 alias
1095 651 1239 700 vocari
1275 654 1452 714 παρθέ-

147 748 278 794 νους,
315 750 426 796 quae
457 734 633 793 νύμφαι
663 745 765 781 sunt
801 751 868 798 ap.
904 732 1049 797 Apoll.
1085 731 1169 779 Rh.
1199 733 1274 790 IV,
1310 733 1451 789 1399,

147 814 352 874 ’ὑμνῳδοί
371 814 503 874 κόραι
533 813 636 860 Eur.
659 815 785 862 Herc.
807 815 891 861 sur.
912 813 1020 864 394.
1034 849 1045 869 ‚
1082 816 1327 874 Ἑσπερίδες
1351 816 1451 858 οἷοι-

145 897 223 940 δοί
249 893 354 940 Eur.
392 894 524 959 Hipp.
558 895 665 942 742.
724 895 915 952 Mirum,
949 894 995 940 ni
1031 905 1160 958 poeta
1198 903 1364 939 amator
1396 891 1450 939 de

144 972 363 1020 industria
383 974 442 1022 ita
461 975 742 1040 nuncupavit,
776 973 958 1021 ludibrii
981 973 1132 1037 gratia.
1186 975 1298 1021 Nam
1318 973 1453 1020 verba

144 1061 391 1116 παρθένων
427 1060 570 1115 κῆπος
601 1057 836 1117 ἀκήρατος
868 1072 949 1101 nec
984 1055 1101 1101 hunc
1135 1065 1350 1120 respuunt
1383 1054 1452 1100 in-

144 1134 386 1184 tellectum:
436 1140 669 1200 virginum
699 1138 799 1201 flos
841 1135 1049 1183 nondum
1085 1134 1345 1198 decerptus,
1403 1146 1452 1181 ut

143 1216 288 1263 Latini
321 1217 473 1265 dicunt
505 1217 670 1265 hortus
700 1235 832 1264 sensu
862 1215 1110 1272 inhonesto,
1145 1232 1275 1279 saepe
1307 1227 1450 1262 autem

142 1303 371 1359 παρθένος
403 1298 536 1360 οἷκήρ.
571 1299 825 1345 intemerata
856 1297 992 1360 virgo.
1032 1327 1092 1333 —-
1159 1297 1201 1344 4.
1236 1299 1366 1343 αἵτε
1386 1302 1450 1344 οἰ-

143 1383 363 1430 νανθίδες.
455 1378 561 1426 Cod.
596 1379 647 1425 B.
691 1383 988 1439 οἰνανθίδος,·
1028 1395 1178 1424 omnes
1208 1383 1281 1441 τ’,
1326 1377 1450 1442 quod

143 1458 271 1523 plene
297 1460 455 1525 scripsi
487 1470 528 1506 et
552 1458 609 1505 ob
641 1476 925 1506 numerorum
957 1457 1258 1523 aequalitatem
1281 1468 1322 1504 et
1346 1458 1450 1522 quia

143 1538 363 1602 digamma
395 1539 551 1606 procul
583 1539 720 1586 dubio
755 1540 842 1586 vim
877 1556 1001 1585 suam
1036 1549 1300 1596 servaverat,
1346 1557 1448 1586 sua-

142 1619 272 1667 dente
301 1622 541 1668 Muellero.
581 1650 640 1659 —-
717 1623 798 1680 ’ὑφ’
834 1623 1013 1682 ἕρνεσιν.
1080 1617 1230 1683 Steph.
1265 1622 1344 1665 ὑπ’
1377 1623 1449 1682 ἔρ-

139 1718 276 1765 νεσιν,
313 1720 444 1767 quem
468 1702 666 1767 sequitur
686 1700 866 1748 Fiorillo
890 1699 1009 1747 obss.
1034 1699 1080 1746 in
1110 1698 1268 1745 Athen.
1295 1717 1338 1764 p.
1362 1701 1447 1757 65;

139 1781 264 1830 aliter
297 1782 414 1830 idem
448 1784 494 1830 in
538 1782 700 1829 Herod.
738 1781 826 1828 Att.
859 1799 902 1846 p.
939 1782 1013 1826 62.
1081 1779 1161 1826 Est
1191 1796 1319 1837 vero,
1368 1780 1448 1827 ubi

136 1867 260 1926 ἔρνος
288 1864 531 1928 scribatur,
567 1883 603 1909 v.
625 1861 768 1909 Lexic.
792 1863 894 1923 περί
914 1860 1188 1915 πνευμάτων
1219 1870 1321 1924 post
1339 1860 1448 1907 Am-

138 1962 254 1991 mon.
281 1944 484 1992 Valcken.
508 1963 550 2010 p.
583 1945 687 1990 197.
716 1942 836 2008 Lips.
863 1944 945 1988 καί
961 1945 1007 1986 ἐν
1026 1947 1210 2016 πρλλοΐς
1231 1941 1325 1986 τῶν
1346 1957 1447 1993 σχε-

139 2028 366 2072 δεκδοτῶν
395 2028 431 2090 ἦ·
457 2028 510 2074 τό
535 2031 657 2088 ἔρνος
691 2024 999 2079 δασυνόμενον
1032 2019 1191 2083 εὑρον,
1236 2018 1314 2065 ubi
1348 2037 1447 2065 cum

140 2104 282 2150 Titizo
323 2108 460 2171 praef.
504 2105 736 2170 Moschop.
771 2123 814 2170 p.
849 2102 1006 2150 XVIII.
1045 2099 1189 2147 scribe
1217 2101 1310 2146 τῶν
1344 2118 1447 2153 σχε-

139 2187 377 2233 δεκδότων.
444 2187 675 2252 Moschop.
705 2203 882 2250 opuscc.
915 2202 956 2249 p.
981 2184 1054 2229 36.
1090 2186 1212 2242 ἔρνος
1236 2183 1316 2227 καί
1331 2185 1445 2241 ἔρδω

138 2267 458 2322 δασυνόμενον.
490 2298 550 2304 -
608 2272 896 2314 θαλέθοισιν.
944 2267 1007 2311 Ita
1030 2265 1082 2310 A.
1107 2264 1186 2319 R,
1223 2260 1444 2323 Schwgh.‚

136 2346 288 2403 Dind.‚
319 2345 478 2404 Boiss,
506 2348 694 2403 Mehlh.;
728 2352 1014 2393 θαλέθουσιν
1034 2345 1082 2391 P.
1106 2346 1156 2390 V.
1179 2344 1244 2400 L.,
1278 2340 1443 2405 steph„

137 2427 278 2483 Fi0r.;
310 2433 561 2473 θαλεόυσιν
594 2430 720 2486 Urs,
759 2426 922 2474 Fiorill.
958 2422 1121 2471 Herod.
1153 2424 1240 2468 Au.
1276 2442 1317 2487 p.
1352 2424 1443 2479 62,

138 2506 261 2572 quod
291 2518 356 2553 est
390 2505 537 2563 nihili,
573 2525 675 2553 nam
704 2525 771 2572 ap.
807 2506 935 2554 Pind.
974 2516 1038 2553 est
1070 2522 1151 2569 pro
1185 2509 1355 2559 θ-ηλέω.
1384 2532 1444 2538 ——

132 2587 268 2651 Ἐρος.
319 2587 383 2634 Ita
406 2587 575 2646 Boiss.;
607 2591 704 2650 ἔρος
728 2587 796 2645 Α.,
826 2586 1047 2650 Schwgh.‚
1082 2583 1233 2641 Dind.‚
1263 2581 1442 2637 Mehlh.‚
