1677 3059
715 217 1150 265 -98—

271 362 533 423 δερκόμενος
546 377 569 422 ,·
621 358 797 419 τακεροὶ
830 355 927 404 cod.
964 356 1182 414 Darmst.‚
1228 359 1354 415 Urs,
1391 357 1584 417 Ruhnk„

271 442 432 497 Bet-k,
469 437 677 492 Proclus;
727 443 931 498 τακεροΐς
963 435 1194 495 Siebenk.‚
1230 438 1390 496 Roch.‚
1438 440 1580 487 Boiss.

272 523 420 568 vitiato
458 529 608 565 metro.
693 516 853 563 Ortum
899 515 1108 564 mendum
1144 536 1196 566 ex
1230 530 1584 582 antegressorum

273 599 587 648 vocabulorum
622 596 938 644 terminatione.
1035 601 1219 660 Τακερα
1255 604 1371 661 δέρκ.
1419 600 1614 648 ἃίοῐιιῐι]’

273 695 320 730 ut
353 683 496 743 ὑγρὸν
529 684 732 742 βλέπειν,
767 680 891 740 ἁβρὰ
921 680 1063 739 γελᾶν
1094 689 1135 725 et
1170 679 1309 725 sinim.
1334 698 1402 746 ap.
1435 680 1585 728 Blom-

271 761 387 810 field.
424 759 582 807 Aesch.
621 759 739 824 Sept.
779 761 864 815 53;
904 778 1002 806 cum
1038 759 1175 826 Ibyco
1212 762 1435 827 conspirat
1466 760 1586 808 Alci-

273 843 369 909 phr.
389 843 424 899 I,
457 841 532 888 28.
566 841 761 901 τακερὸν
787 844 990 905 βλέπειν,
1025 840 1104 886 ubi
1126 861 1162 887 v.
1188 841 1401 906 Bergier,
1435 841 1586 906 Antip.

274 925 427 972 Sidon.
463 919 641 969 Anthol.
675 921 709 976 l,
746 921 824 976 29,
859 922 898 967 1.
942 924 1140 983 τακερὸν
1169 925 1402 987 λεύσσειν,
1438 941 1476 969 v.
1511 924 1587 969 Ja-

274 1005 393 1053 cobs.
417 1002 535 1058 VIII,
558 1020 600 1066 p.
623 1001 732 1051 312.
768 1001 1003 1046 Anacreon
1027 1020 1095 1065 ap.
1122 1002 1267 1049 Schol.
1294 1003 1378 1068 Ap.
1402 1003 1488 1050 Rh.
1510 1003 1588 1060 III,

277 1089 382 1132 120.
410 1084 600 1143 τακερὸς
619 1085 749 1143 ἔρως,
785 1098 975 1143 quocum
1000 1083 1224 1146 componit
1245 1084 1425 1129 Homeri
1446 1086 1590 1146 ’ὑγρὸν

275 1173 382 1215 6509.
405 1193 465 1200 —-
498 1162 686 1218 ὄμμασι.
724 1159 929 1206 Siebenk.
951 1162 1058 1217 ὅμμ.
1072 1180 1098 1224 ,·
1122 1162 1256 1209 unius
1279 1163 1373 1210 cod.
1397 1164 1587 1210 Darmst.

276 1263 470 1294 errorem
503 1242 696 1299 ὄμματα
726 1239 921 1304 suscepit
953 1240 1218 1289 Huschkius.
1296 1244 1397 1290 Non
1430 1255 1592 1291 temere

277 1327 527 1394 appositum
560 1323 764 1385 ὄμμασι,
800 1332 849 1367 ut
878 1321 926 1367 in
959 1322 1123 1386 quibus
1159 1322 1301 1369 omnis
1328 1324 1445 1387 ignis
1471 1343 1591 1372 amo-

276 1410 338 1455 ris
370 1405 678 1471 conspiciatur.
759 1401 890 1449 Unde
921 1403 1073 1468 Eurip.
1109 1405 1214 1451 Hec.
1251 1404 1358 1452 442.
1426 1405 1593 1452 Helena

276 1487 457 1552 Trojam
501 1484 670 1550 cepisse
715 1483 877 1530 dicitur
915 1486 996 1531 δια
1038 1488 1196 1533 καλῶν
1237 1488 1493 1548 ὀμμάτων,
1550 1505 1587 1532 v.

276 1565 517 1616 Mitscherl.
554 1566 703 1612 Horat.
740 1562 800 1609 IV
836 1583 1010 1611 carmm.
1048 1568 1123 1624 13,
1158 1572 1202 1619 8.
1288 1565 1413 1612 Talia
1447 1577 1591 1613 autem

279 1647 552 1697 substantiva
584 1645 731 1692 verbis
768 1645 965 1709 ejusdem
1001 1647 1272 1710 significatus
1308 1646 1458 1693 addita
1496 1665 1592 1694 eam

277 1729 444 1776 habent
476 1728 705 1784 virtutem,
753 1737 801 1772 ut
837 1727 903 1773 vel
932 1727 1019 1774 vim
1054 1738 1339 1791 exaggerent,
1382 1727 1514 1774 veluti
1545 1728 1593 1775 in

279 1808 664 1876 oppositionibus,
717 1806 796 1853 cfr.
830 1807 980 1872 hymn.
1024 1809 1150 1854 Hom.
1185 1807 1279 1854 Cer.
1317 1810 1392 1856 57.
1439 1812 1594 1870 φωνῆς

278 1897 360 1949 μὲν
388 1893 480 1953 γὰρ
515 1890 699 1952 diucius,
735 1891 858 1951 οέταρ
893 1894 982 1937 οὐκ
1015 1893 1112 1937 ἴδον
1143 1892 1479 1953 ὀφθαλμοῖσιν,
1514 1891 1591 1939 cfr.

278 1973 454 2020 Dissen.
485 1970 614 2019 Pind.
649 1969 720 2015 Ol.
756 1970 832 2026 XI,
865 1973 964 2028 65„
999 1972 1122 2018 Nem.
1156 1970 1189 2026 I,
1212 1971 1313 2026 50.;
1348 1969 1414 2016 vel
1437 1971 1593 2019 vividis

281 2053 503 2102 coloribus
539 2070 631 2098 rem
664 2051 875 2116 pingant,
932 2063 980 2098 ut
1013 2049 1195 2098 Stesich.
1233 2050 1427 2112 Geryon.
1463 2050 1593 2114 frgm.

280 2138 334 2180 X.
369 2133 511 2181 Klein.
544 2137 571 2179 ὁ
606 2137 647 2179 δ’
681 2136 723 2181 ἐς
753 2131 890 2182 ἄλσος
922 2136 1006 2195 ἔβα
1034 2135 1173 2178 ποσσί
1202 2132 1308 2181 παῖς
1337 2133 1468 2195 Διός,
1505 2151 1593 2197 quo

282 2216 456 2278 egregie
492 2213 550 2260 ob
585 2211 735 2260 oculos
766 2213 946 2277 ponitur
974 2213 1117 2275 gravis
1145 2210 1346 2257 Herculis
1379 2212 1594 2270 incessus,

281 2308 329 2342 ut
362 2313 629 2359 magnopere
664 2293 985 2359 improbandus
1022 2293 1103 2349 sit,
1162 2292 1236 2357 qui
1274 2296 1415 2340 ποσσί
1447 2311 1595 2340 vocem

284 2376 618 2441 expungendam
656 2386 775 2421 ratus
812 2385 887 2420 est.
968 2375 1082 2419 Tum
1118 2373 1171 2419 dc
1205 2393 1241 2418 v.
1281 2379 1432 2437 ὃέρκ.,
1467 2393 1595 2421 ποτι-

283 2464 398 2519 &gna
445 2457 489 2503 in
527 2457 752 2504 amoribus
787 2455 945 2502 usitato
990 2474 1025 2500 V.
1065 2453 1258 2500 Huschk.
1296 2453 1436 2501 Anall.
1483 2454 1592 2500 critt.

283 2557 323 2601 p.
365 2541 555 2601 17519)
594 2568 655 2576 --
738 2541 782 2583 2.
818 2542 859 2587 ἐς
894 2542 1114 2598 ἀπείρονα
1147 2541 1324 2583 δίκτυα.
1405 2539 1462 2584 εἰς
1497 2534 1593 2581 cod.

342 2665 402 2705 w)
434 2666 471 2698 Si
501 2667 610 2713 Sopb.
644 2667 762 2713 Antig.
793 2680 823 2700 v.
859 2668 946 2701 778.
979 2674 1029 2701 tot
1060 2671 1219 2698 vexatum
1255 2665 1466 2708 conjecturis
1505 2678 1596 2699 nova
