1677 3059
542 250 606 256 —
716 220 805 265 163
911 247 972 254 ——

93 364 268 420 Πέρσης
301 356 411 405 illud
447 358 631 415 videtur,
666 355 743 404 ubi
768 356 984 420 quaedam
1014 357 1178 404 notavit
1203 358 1406 418 Meiuek„

94 437 196 486 add.
225 437 371 504 Asper
393 456 460 503 ap.
484 438 602 485 Serv.
627 436 748 499 Virg.
771 436 880 484 Aen.
911 438 1027 496 vm,
1061 440 1193 496 333.‚
1224 438 1405 487 Schnei-

93 517 186 565 der.
223 517 301 564 Gr.
337 519 429 565 Lat.
466 519 500 576 I,
537 519 580 576 1,
614 537 656 584 p.
696 516 801 563 164.
842 517 984 583 deque
1020 517 1149 565 simili
1185 532 1404 583 permuta-

92 598 212 646 tione
227 590 307 651 e—v}
328 598 646 645 terminationis
671 589 785 655 etz}
796 632 815 661 ,
851 608 898 643 ut
914 598 1055 661 Ἄρευς
1077 615 1161 664 pro
1178 598 1319 663 Ἄρης,
1331 602 1403 664 45)

90 677 280 725 Neuium
316 678 362 725 in
395 678 560 743 Sapph.
596 679 723 742 srgm.
758 678 833 728 88.
867 708 932 715 —-

222 773 421 838 Reposui
460 784 603 820 autem
639 773 753 821 hanc
786 773 1040 821 memoriam
1073 771 1203 836 Ibyci
1235 774 1281 820 in
1319 774 1405 821 Ar-

93 852 337 915 gonauticis
374 863 524 900 contra
559 852 780 916 vulgarem
827 853 1105 918 opinionem,
1159 871 1270 918 quae
1318 854 1405 901 Or-

90 931 254 998 pheum
285 951 310 981 a
335 932 531 981 Pindaro
562 932 738 981 demum
766 933 894 1001 Pyth.
922 933 998 990 IV,
1029 933 1134 980 176.
1169 935 1405 998 Argonau-

89 1023 234 1061 tarum
269 1013 535 1080 expeditioni
568 1013 765 1060 additum
802 1013 1038 1079 praedicat.
1125 1013 1406 1082 Pherecydes

92 1105 207 1141 certe
242 1095 328 1159 jam
364 1093 594 1141 oblocutus
627 1094 681 1141 iis
716 1093 910 1151 videtur,
949 1095 1024 1158 qui
1061 1092 1292 1159 Orpheum
1326 1113 1404 1141 na-

92 1174 302 1237 vigationi
336 1175 545 1223 interesse
579 1174 794 1222 fecerant:
843 1173 891 1221 id
925 1174 1040 1221 enim
1073 1173 1322 1237 collegerim
1355 1192 1403 1221 ex

93 1252 240 1301 Schol.
274 1256 360 1322 Ap.
397 1254 481 1302 Rh.
508 1255 542 1312 I,
567 1255 643 1302 24.
682 1256 931 1316 Φερεκύδης
962 1259 1008 1300 ἐν
1032 1256 1093 1314 τῇ
1125 1256 1190 1300 στ’
1232 1257 1404 1311 Φιλάμ-

89 1351 227 1390 μωνα
259 1339 376 1396 φησί
405 1339 489 1383 καί
516 1341 606 1383 οὐκ
626 1340 800 1397 Ὀρφέα
822 1338 1225 1391 συμπεπλευκέναι.
1292 1335 1404 1382 Vide

94 1415 150 1462 de
184 1414 431 1464 diversitate
466 1417 723 1482 opinionum
755 1415 952 1462 Mueller.
982 1413 1191 1461 Orchom.
1223 1434 1265 1481 p.
1294 1418 1401 1463 260.

94 1495 218 1543 Licet
250 1507 392 1543 autem
427 1496 606 1564 Ibycius
641 1496 763 1544 locus
798 1496 968 1562 primus
1004 1495 1073 1552 sit,
1109 1494 1155 1540 in
1192 1515 1280 1560 quo
1316 1496 1402 1542 Or-

94 1575 199 1642 phei
236 1576 468 1643 appellatio
504 1586 779 1642 compareat,
813 1595 850 1622 v.
882 1575 1044 1624 Hoeck.
1077 1574 1231 1622 Cretae
1255 1575 1331 1632 HI,
1359 1593 1401 1640 p.

145 1758 217 1808 45)
244 1760 362 1796 Locus
392 1759 591 1808 sapphicus
618 1775 638 1797 a
665 1763 779 1798 Prisc.
807 1769 964 1797 servatus
1001 1761 1293 1797 mendosissimus
1324 1768 1404 1795 ante

223 1823 380 1861 Neuium
416 1825 635 1871 habebatur,
674 1829 735 1875 qui
769 1827 967 1862 Hermanni
997 1841 1104 1874 opera
1137 1827 1274 1871 adjutus
1304 1827 1405 1873 inge-

223 1890 325 1925 niose
355 1890 495 1924 refinxit
524 1891 592 1925 513:
624 1891 644 1929 ὅ
669 1893 701 1929 δ’
718 1889 846 1941 ’Ἄρευς
875 1899 958 1940 φαὶς
985 1890 1071 1928 εἶκεν
1093 1889 1291 1937 “Atpacowv
1313 1890 1407 1937 ἄγειν

223 1955 308 2004 βίᾳ,
346 1957 457 1991 Mars
484 1969 570 1990 vero
600 1959 730 1998 cessit,
769 1960 938 1993 minatus
965 1970 1005 1991 se
1036 1958 1249 1990 Vult-mmm
1278 1958 1313 1989 cl
1338 1958 1405 1989 ab·

224 2024 437 2056 ducturum.
495 2021 604 2065 Quod
635 2030 753 2056 autem
783 2022 826 2057 de
856 2023 982 2057 Martis
1012 2029 1044 2055 et
1074 2021 1228 2054 Vulcani
1256 2028 1406 2054 conten-

224 2085 322 2120 tione
357 2086 445 2120 nihil
476 2086 619 2120 aliunde
648 2088 829 2134 cognitum
859 2088 907 2121 ait
933 2087 1090 2128 Neuius,
1129 2085 1280 2118 fallitur:
1322 2099 1405 2119 nam

223 2148 403 2184 luctantur
423 2158 503 2185 ante
525 2152 709 2186 Junonem
737 2152 869 2186 artibus
893 2152 1037 2198 magicis
1058 2150 1188 2184 throno
1215 2150 1405 2198 alligatam,

219 2199 324 2261 'quod
354 2223 603 2262 argumentum
633 2224 666 2250 et
694 2217 730 2250 in
759 2230 924 2250 vasorum
952 2215 1097 2262 picturis
1129 2216 1346 2262 conspicitur
1373 2222 1406 2249 et

226 2279 271 2314 ab
307 2278 524 2326 Epicharmo
557 2281 594 2315 in
621 2281 740 2315 sabula
760 2279 961 2328 “qutowg
987 2279 1013 2324 ἢ
1042 2285 1232 2327 Κωμασταὶ
1256 2280 1406 2313 festivis-

223 2342 314 2377 sime
340 2343 551 2390 explicatum
589 2352 684 2389 erat,
723 2360 754 2380 v.
794 2346 960 2382 Mueller.
997 2345 1107 2379 Dorr.
1136 2346 1188 2388 ΙΙ,
1230 2358 1264 2391 p.
1303 2345 1405 2387 345„

226 2406 375 2455 Grysar.
406 2408 449 2442 de
476 2421 569 2443 com.
595 2410 704 2445 Dorr.
727 2412 755 2456 I,
781 2426 816 2459 p.
836 2410 920 2453 46.,
950 2422 1020 2456 quo
1045 2417 1139 2444 recte
1166 2410 1324 2457 reposuit
1350 2410 1404 2444 lo-

226 2485 310 2508 cum
339 2473 558 2520 Sapphicum
584 2473 748 2510 Mueller.
775 2475 1012 2522 Archaeolog.
1034 2489 1068 2522 p.
1092 2473 1193 2517 480,
1224 2475 1406 2522 corrigens

226 2537 304 2572 ille:
335 2535 353 2574 ὅ
375 2539 405 2573 δ’
426 2536 553 2588 Ἀρευς
580 2543 663 2586 <pals
687 2529 712 2583 ἦ
734 2553 788 2576 κεν
809 2538 1006 2587 “Αφαιστον
1033 2537 1128 2585 ἄγειν
1155 2539 1248 2586 βίᾳμ
1287 2539 1407 2575 Codex

229 2601 326 2638 Gud.
352 2605 414 2641 64.
442 2606 637 2653 Σοδαρευς.
669 2618 788 2652 φησει.
816 2619 976 2652 κεναφης.
1005 2604 1232 2650 τοιναγηιεβια.

1105 2671 1195 2716 11*
