1677 3059
688 223 752 230 -
861 192 954 239 124
1062 222 1124 229 —

737 333 968 396 Fragm.
1016 332 1071 380 X.

373 428 517 476 Schol.
553 429 637 493 Ap.
673 428 758 474 Rh.
794 429 868 486 III,
903 429 978 475 26.

352 511 639 559 Ἀπολλώνιος
665 514 746 565 μὲν
763 512 1021 572 Ἀφροδίτης
1048 509 1129 555 τὸν
1144 507 1323 568 Ἔρωτα
1352 516 1558 568 γενεαλο-

253 602 340 655 γεῖ·
373 593 552 651 Σαπφώ
577 595 626 637 δὲ
648 594 737 647 Γῆς
759 594 840 636 καί
867 592 1081 653 Οὐρανοῦ
1117 588 1265 653 (srgm.
1297 588 1457 640 XXIV.
1481 590 1557 653 N.)

252 679 501 731 Σιμωνίδης
533 677 582 720 δὲ
609 677 869 733 Ἀφροδίτης
905 675 986 718 καί
1009 671 1172 733 Ἄρεος·

345 761 524 809 Σχέτλιε
557 760 649 798 παῖ
674 754 922 809 ὃολόμηδες
952 757 1236 814 Ἀφροδίτας,

314 839 396 884 τὸν
423 835 532 896 Ἄρει
566 835 965 897 δολομήχανοςὲὃ)
1001 839 1136 880 τέκεν.

244 919 464 982 Ἴβυκος
499 920 548 962 δὲ
581 916 661 961 καί
694 917 890 965 Ἡσίοδος
930 913 1117 978 (Theog.
1160 914 1290 977 120.)
1323 918 1374 961 ἐκ
1407 913 1560 962 Χάους

248 1006 366 1061 λέγει
406 1002 622 1058 γενέσθαι
661 996 744 1041 τὸν
771 993 971 1055 Ἔρωτα.
1015 999 1062 1041 ἐν
1096 1000 1145 1041 δὲ
1176 1003 1269 1045 τοῖς
1301 999 1357 1044 εἰς
1386 999 1560 1056 Ὀρφέα

248 1083 430 1144 Κρόνου
463 1083 822 1138 γενεαλογεῖται·
857 1074 1007 1138 (frgm.
1043 1075 1183 1120 XXII.
1219 1076 1391 1137 Herm.)

314 1161 473 1220 Αὐτὰρ
501 1157 684 1219 Ἔρωτα
716 1157 893 1219 Κρόνος
928 1159 1009 1203 καί
1037 1157 1280 1213 πνεύματα
1311 1156 1445 1203 πάντ’
1469 1160 1560 1202 ἐτέ-

958 1256 1114 1285 κνωσε.

246 1320 414 1369 Eudoc.
453 1318 568 1369 Viol.
591 1338 634 1385 p.
662 1319 767 1367 158.
798 1317 970 1382 >Ἰρὐος
1003 1322 1084 1366 καί
1106 1322 1305 1369 Ἡσίοδος
1330 1322 1382 1366 ἐκ
1404 1318 1560 1368 Χάους

245 1408 429 1464 λέγουσι
458 1401 544 1447 τὸν
569 1400 750 1462 Ἔρωτα
779 1401 1072 1461 γεννηθῆναι.

377 1498 440 1544 Ut
470 1495 693 1542 mittamus
725 1496 885 1560 placita
917 1496 1286 1563 philosophorum
1318 1511 1558 1558 eorumque

245 1589 500 1645 poetarum,
556 1578 632 1642 qui
673 1577 981 1643 philosophiae
1017 1590 1250 1643 praecepta
1287 1575 1555 1624 carminibus

245 1657 699 1724 comprehenderunt,
746 1657 822 1708 cfr.
860 1659 1002 1723 Intpp.
1037 1658 1145 1708 Plat.
1183 1659 1336 1724 Symp.
1372 1676 1414 1722 p.
1448 1657 1555 1713 178,

243 1743 325 1800 B.‚
363 1740 547 1793 Gesner.
586 1738 730 1804 Orph.
766 1741 935 1802 Argon.
969 1740 1068 1798 15.,
1105 1739 1295 1787 Lobeek.
1332 1736 1554 1802 Aglaopli.

243 1824 278 1881 I,
314 1841 359 1888 p.
395 1822 531 1877 329,
577 1831 696 1885 patet
729 1821 870 1885 poetis
903 1840 986 1888 pro
1022 1820 1279 1868 condicione
1314 1820 1378 1866 rei
1413 1821 1458 1866 in
1491 1832 1557 1867 ta-

243 1902 362 1950 libus
396 1900 575 1948 licuisse
608 1900 745 1947 libere
768 1900 934 1964 fingere
963 1919 1075 1967 quae
1111 1919 1132 1947 e
1169 1900 1350 1947 consilio
1380 1919 1460 1947 suo
1487 1919 1556 1947 es-

244 1995 368 2042 sent,
412 2002 451 2032 v.
481 1979 596 2031 Plut.
631 1982 776 2032 Amat.
805 1984 860 2041 II,
896 2002 939 2049 p.
966 1984 1074 2041 765,
1102 1983 1152 2031 E.
1221 1982 1277 2028 Et
1311 1993 1556 2029 statuerunt

245 2064 318 2112 alii
343 2063 480 2121 aliter,
523 2080 634 2127 quae
665 2081 755 2109 non
778 2062 1069 2128 injucundum
1101 2064 1233 2111 fuerit
1258 2062 1409 2127 paucis
1436 2081 1554 2109 com-

244 2161 525 2193 memorasse.
621 2144 872 2192 Simonides
917 2145 1102 2191 Veneris
1151 2156 1191 2191 et
1235 2143 1392 2190 Martis
1446 2143 1556 2190 dixit

243 2237 396 2274 natum
429 2225 476 2271 in
509 2224 701 2272 infausto
737 2244 905 2285 amore,
959 2225 1257 2273 crudelitatem
1292 2224 1448 2271 Amori
1483 2243 1557 2272 ex-

300 2416 371 2462 28)
399 2414 521 2462 Vulgo
548 2414 798 2464 δολομηχάνῳ,
842 2414 939 2461 quod
968 2427 1039 2448 non
1075 2421 1196 2461 aptum
1226 2414 1336 2448 Marti
1373 2413 1552 2462 epitheton

373 2487 436 2523 est,
461 2481 681 2528 aptissimum
700 2480 833 2516 Veneri
852 2479 1050 2529 ὃολοπλόκῳ
1069 2494 1123 2527 ap.
1148 2479 1321 2526 Sapph.1,
1334 2481 1371 2515 2.
1400 2479 1550 2514 Summa

373 2552 491 2580 autem
523 2547 571 2581 vis
599 2548 635 2582 in
664 2560 707 2581 eo
735 2546 847 2593 posita
878 2553 946 2588 est,
979 2552 1017 2581 ut
1044 2545 1167 2581 dolosa
1197 2558 1297 2580 mens
1326 2543 1477 2580 Veneris
1496 2543 1550 2578 ef-

372 2607 528 2653 feratum
557 2625 667 2660 quare
697 2610 974 2646 emendavimus.
