1677 3059
683 246 747 256 .-.
870 221 933 268 25
1056 245 1118 253 .-

253 374 383 404 senex
417 367 465 404 ut
498 356 690 405 evaserit.
782 357 895 403 Tum
936 365 1036 420 post
1067 354 1245 419 longum
1279 369 1448 425 tempus
1484 363 1547 408 fa-

253 439 376 487 cinus
406 439 668 503 patefactum
703 450 788 486 est:
824 438 893 484 cui
920 448 1062 483 autem
1095 437 1301 486 credibile
1336 440 1545 499 videatur,

250 537 433 584 corpore
466 519 513 565 in
546 537 652 581 agro
684 517 909 565 Corinthio
943 516 1115 563 invento
1152 518 1344 581 agnitum
1371 514 1545 586 poetam

249 618 344 648 esse
379 610 421 646 et
452 601 731 662 magistratus
754 599 886 661 longo
917 609 1111 662 tempore
1136 598 1360 663 interjecto
1382 601 1426 647 in
1451 621 1544 649 eam

246 699 340 729 rem
381 679 688 744 inquisivisse?
765 680 916 742 Quare
962 680 1021 725 ita
1065 690 1218 726 statuo.
1305 681 1456 727 Haesit
1496 682 1541 728 in

244 760 465 809 mentibus
504 760 698 806 omnium
738 761 936 808 mirabile
981 761 1118 807 fatum
1148 760 1327 806 Arionis
1368 761 1544 828 Methy-

243 841 410 898 mnaei,
447 840 501 888 de
538 859 624 905 quo
661 841 736 887 cfr.
779 840 939 888 Herod.
974 841 1008 898 I,
1043 843 1106 886 23
1128 858 1217 905 sq.‚
1252 841 1449 887 Lorentz.
1487 841 1541 888 de

243 922 351 984 orig.
388 931 484 968 vett.
517 922 691 968 Tarent.
726 940 767 986 p.
804 922 877 968 11.
968 920 1059 982 Qui
1096 939 1230 986 quum
1265 932 1307 968 et
1340 923 1435 986 ipse
1473 921 1541 968 di·-

241 1003 401 1050 vinitus
444 1012 637 1048 servatus
692 1002 965 1059 crederetur,
1031 1003 1286 1049 commixtus
1331 1014 1395 1049 est
1441 1022 1540 1050 cum

240 1085 404 1151 Ibyco‚
447 1082 576 1130 simili
611 1101 715 1129 casu
750 1101 858 1140 uSO,
909 1093 1039 1148 poeta
1072 1083 1175 1129 item
1209 1082 1375 1149 lyrico,
1421 1084 1538 1131 unde

238 1176 393 1231 poetae
425 1163 617 1227 Rhegini
653 1163 896 1210 interfectio
923 1182 1070 1210 errore
1103 1162 1257 1209 tralata
1283 1164 1540 1212 Corinthum

239 1256 316 1293 est.
381 1243 517 1306 Quod
548 1261 676 1289 nemo
710 1243 963 1300 mirabitur,
1001 1245 1076 1309 qui
1111 1244 1372 1290 narrationis
1407 1244 1539 1293 fidem

238 1325 578 1373 consideraverit
610 1342 690 1370 nec
713 1323 950 1386 neglexerit
972 1335 1190 1389 reputare,
1228 1335 1335 1388 quot
1355 1324 1538 1388 figmen-

235 1406 293 1453 tis
335 1405 518 1471 poeticis
566 1404 747 1451 historia
787 1415 1016 1469 poetarum
1061 1403 1320 1470 Lyricorum
1362 1418 1536 1465 scateat,

236 1496 343 1552 quot
378 1485 711 1532 confusionibus
745 1483 921 1530 turbata
954 1484 1021 1531 sit.
1089 1486 1150 1531 Ut
1182 1496 1379 1543 utamur,
1415 1486 1536 1551 quod

233 1567 293 1615 ad
323 1577 523 1614 nostrum
554 1577 727 1631 poetam
758 1565 970 1630 pertinet,
1002 1564 1294 1612 Archilochus
1327 1566 1373 1612 in
1407 1585 1535 1632 prae-

231 1648 292 1695 lio
325 1646 578 1693 interfectus
623 1645 727 1693 fuit:
782 1644 892 1692 Plin.
926 1646 977 1692 H.
1013 1646 1065 1691 N.
1101 1646 1197 1702 VII,
1232 1650 1310 1704 29,
1347 1651 1421 1694 30.
1453 1666 1534 1713 per

230 1729 420 1776 latrones
456 1726 649 1773 occisum
682 1725 837 1783 tradit,
885 1744 1014 1790 quem
1048 1727 1247 1790 sequitur
1281 1728 1415 1775 Solin.
1452 1749 1532 1795 po-

229 1808 319 1876 lyh.
353 1807 388 1864 I,
425 1808 466 1854 9.
542 1806 755 1854 Intellexit
789 1806 970 1854 Salmas.
1004 1806 1180 1853 Exercc.
1215 1807 1326 1854 Plin.
1362 1827 1403 1874 p.
1440 1810 1531 1868 38,

230 1908 325 1937 eam
351 1890 645 1935 narrationem
668 1906 758 1934 non
777 1899 866 1935 tam
888 1888 1104 1954 quadrare
1126 1889 1171 1935 in
1201 1888 1529 1948 Archilochum,

230 1989 362 2035 quam
394 1970 620 2034 repetitam
649 1968 704 2015 ab
737 1968 873 2035 Ibyeo
906 1987 1024 2027 esse·,
1059 1968 1128 2016 cui
1151 1971 1244 2016 sine
1269 1988 1421 2016 caussa
1448 1971 1529 2015 ol)-

228 2050 400 2097 locutus
438 2061 502 2096 est
521 2049 685 2099 Liebel.
708 2049 873 2098 Archil,
898 2050 1021 2115 reliq.
1056 2069 1098 2115 p.
1124 2051 1200 2098 44.
1268 2049 1340 2096 Ab
1363 2049 1529 2097 Arione

226 2130 546 2194 navigationem
573 2130 760 2196 repetiit,
796 2131 850 2178 de
883 2150 971 2197 qua
999 2131 1109 2178 nihil
1139 2131 1434 2197 perscripsere
1458 2149 1528 2178 re-

225 2210 340 2258 licui.

351 2292 536 2339 Diversa
579 2290 633 2338 de
675 2290 771 2339 loeo
818 2292 964 2340 caedis
1012 2293 1100 2357 jam
1145 2303 1308 2338 veteres
1355 2290 1526 2338 fabula-

225 2383 292 2419 tos
335 2390 454 2430 esse,
508 2371 637 2419 docet
677 2371 907 2419 Jamblich.
954 2373 1024 2419 vit.
1062 2373 1190 2439 Pyth.
1227 2375 1302 2420 27.
1337 2392 1378 2438 p.
1414 2374 1521 2421 268.

226 2452 380 2500 Kiessl.
428 2456 508 2500 καί
547 2453 909 2514 μεταφερόμενον
950 2458 1000 2500 δὲ
1043 2456 1154 2501 ’ὑπὸ
1197 2456 1309 2500 τῶν
1355 2459 1523 2514 ἀγνο-

226 2533 447 2580 ούντων
490 2539 565 2585 εἰς
608 2535 821 2583 τόπους
854 2538 1082 2596 ἑτέρους
1121 2537 1170 2580 ἐν
1211 2534 1419 2595 Κρότωνι
1451 2550 1524 2593 γε-

226 2618 388 2659 νέσθαι
430 2619 735 2678 λέγουσιν,
790 2616 863 2662 ὅτι
895 2619 1009 2667 θέας
1041 2615 1181 2671 οὔσης
1213 2615 1295 2662 καί
1324 2613 1525 2675 γεράνων
