1677 3059
709 210 772 219 —
882 178 976 228 128
1082 207 1146 215 —

728 318 1127 385 Fragn1.XlII.

402 404 561 453 Athen.
597 403 674 460 IX,
711 421 753 468 p.
787 403 898 460 388,
929 402 979 450 Ε.

373 485 596 548 Ἴβυκος
638 501 764 534 τινας
806 487 1210 544 λαθιπορφυρίδας
1252 483 1461 538 ὀνομάζει
1505 487 1583 531 διὰ

270 569 472 614 τούτων·
509 566 602 613 Τοῦ
631 567 714 620 μὲν
734 571 996 610 πεταλοῖσιν
1024 568 1093 610 ἐπ’
1129 563 1454 625 ἀκροτάτοισιν
1477 567 1583 615 ξαν-

270 656 398 695 θοῖσι
419 651 623 692 ποικίλαι
643 649 891 695 πανέλοπες
914 645 1180 706 αἰολόδειροι
1199 649 1586 708 λαθιπορφυρίδες

272 732 353 776 καί
388 727 606 774 ἀλκυόνες
635 731 967 789 τανυσίπτεροι..

401 808 491 855 Pro
521 823 560 853 v,
594 811 999 868 λαθιπορφυρίδας
1029 804 1131 852 libri
1162 803 1518 864 λαθιπόρφυρας
1546 813 1588 850 et

271 892 331 939 ita
367 887 542 952 Steph.;
578 889 940 948 λαθιπορφύρας
975 886 1279 934 Casaubonus‚
1355 883 1408 929 In
1440 881 1586 929 verbis

272 970 399 1036 Ibyci
423 986 504 1034 pro
528 986 567 1016 v,
591 972 1009 1030 λαθιπορφυρίδες,
1047 985 1158 1031 quae
1181 963 1589 1026 Schweighaeuseri

275 1063 340 1100 est
371 1047 642 1104 emendatio,
676 1046 730 1094 A.
764 1046 815 1093 P.
854 1051 1269 1107 αδοιπορφυρίδεςῑ
1312 1045 1364 1092 Β.
1397 1049 1590 1106 omont„-

275 1131 427 1197 Steph.
464 1133 757 1190 πορφυρίδες,
792 1125 893 1173 licet
924 1144 1060 1191 supra
1086 1125 1444 1186 λαθιπόρφυρας
1471 1124 1590 1170 exhi-

275 1212 433 1260 buerit.
520 1209 656 1274 Cujus
688 1208 736 1254 in
769 1207 914 1254 locum
947 1205 1149 1253 vocabuli
1186 1222 1273 1270 quo
1306 1204 1452 1251 minus
1484 1204 1591 1251 sub-

276 1295 512 1341 stituantur
546 1295 850 1353 πορφυρίδες,
908 1287 1123 1353 impedire
1168 1303 1295 1336 τινας
1329 1285 1384 1332 ab
1431 1286 1590 1335 Athen.

278 1373 479 1421 additum
514 1371 736 1418 verissime
771 1369 981 1434 judicavit
1005 1367 1193 1417 Casaub.
1261 1367 1304 1413 Is
1339 1365 1477 1428 igitur
1501 1366 1594 1413 edi-

279 1455 343 1502 dit
377 1455 694 1515 άλιπορφύρας
724 1482 785 1489 —-
811 1451 1138 1512 οἳλιπόρφυραι.
1217 1450 1318 1495 Non
1354 1447 1593 1495 assentior:

280 1536 369 1598 agit
402 1534 517 1581 enim
552 1533 635 1580 hoe
671 1542 801 1598 caput
836 1530 890 1577 de
923 1530 1197 1596 porphyride
1224 1530 1290 1576 avi
1316 1527 1370 1575 ab
1396 1528 1593 1594 porphy-

279 1617 403 1663 rione
429 1614 601 1661 diversa
630 1632 680 1660 ex
703 1612 917 1659 sententia
943 1610 1218 1666 Callimachi3
1253 1620 1593 1656 consentaneum

280 1695 416 1759 igitur
436 1704 501 1740 est
523 1693 714 1759 speciem
741 1692 962 1757 quandam
992 1690 1280 1758 porphyridis
1314 1701 1595 1737 memoratam

281 1787 436 1843 poetae
460 1793 568 1824 esse.
637 1773 775 1836 Quod
795 1772 1011 1838 judicium
1034 1771 1324 1838 comprobant
1340 1770 1474 1817 verba
1496 1789 1593 1837 sqq.

282 1877 351 1923 ap,
390 1855 577 1913 Athen„
625 1872 736 1918 quae
770 1854 856 1903 vid.
896 1872 1032 1919 supra
1066 1853 1194 1916 srgm,
1228 1853 1302 1902 ΠΙ.
1369 1851 1595 1916 Schweig-

284 1937 491 1985 haeuseri
527 1946 670 1982 autem
704 1934 927 1981 inventum
961 1937 1379 1995 λαθιπορφυρίδες,
1431 1932 1596 1997 proba-

282 2031 374 2066 tum
396 2017 602 2065 Boisson.
640 2026 681 2061 ct
711 2013 847 2064 Dind.
869 2053 880 2072 ‚
918 2033 1008 2061 non
1038 2025 1101 2061 cst
1127 2010 1383 2069 ferendum,
1417 2013 1596 2076 quando

282 2098 486 2147 formatio
523 2096 641 2144 vocis
672 2095 789 2142 omni
824 2107 939 2142 caret
973 2094 1118 2160 specie
1153 2094 1255 2141 veri.
1327 2095 1438 2140 Nam
1475 2093 1595 2158 adje-

284 2181 417 2237 ctiva,
475 2197 586 2243 quae
623 2196 723 2225 cum
758 2167 892 2223 ἶᾶΐῖ
921 2174 1160 2240 composita
1197 2185 1324 2231 sunt,
1377 2193 1471 2221 eam
1511 2174 1596 2220 vim

283 2260 472 2317 habent,
514 2271 561 2306 ut
596 2258 827 2320 designent
859 2276 949 2304 rem
988 2274 1098 2321 quac
1123 2255 1222 2301 facit
1257 2266 1304 2301 ut
1328 2253 1512 2318 alicujus
1533 2254 1596 2299 rei

284 2340 607 2397 obliviscamur,
643 2350 690 2386 ut
712 2338 992 2400 λαθικηδὴς,
1028 2342 1293 2387 λαθίπονος.
1356 2333 1492 2396 Quod
1520 2352 1595 2380 au-

284 2434 369 2470 tem
407 2423 464 2468 ait
498 2420 702 2467 docuisse
734 2417 1008 2464 Athenaeum
1044 2416 1089 2462 in
1121 2416 1426 2481 superioribus
1453 2432 1596 2461 amare

285 2504 396 2550 hanc
432 2521 552 2549 avem
585 2500 742 2557 latere,
793 2497 978 2555 falliturg
1039 2498 1093 2545 dc
1128 2497 1429 2564 porphyrione
1468 2494 1598 2541 habet

285 2584 392 2632 hacc
430 2594 607 2632 secutus
644 2578 979 2628 Callimachum:
1020 2582 1105 2637 ῑὴν
1132 2582 1312 2641 τροφὴν
1334 2578 1553 2639 λαμβάνει
1573 2580 1594 2621 o‘
