1677 3059
538 238 603 246 —
716 211 806 257 125
917 236 979 244 —

107 353 437 420 probrans329)
496 352 680 419 Ibycum
705 363 753 398 et
795 350 1080 416 Sapphonem
1115 353 1323 417 conjicias
1358 354 1417 399 ita

110 433 426 500 pronunciasse
471 433 518 480 in
558 432 638 479 hac
682 431 773 478 fere
809 432 1044 479 sententia:
1099 432 1290 480 Multum
1329 433 1415 481 sibi

111 514 222 579 juris
257 524 433 576 arrogat
465 513 604 560 Amor
636 505 895 577 magnaque
918 513 1050 578 pollet
1086 516 1302 579 potentia:
1341 535 1418 563 an-

112 594 387 659 tiquissimus
423 594 538 640 enim
573 592 681 639 deus
716 603 780 640 est
815 611 866 639 ex
900 593 998 657 ipso
1035 594 1154 650 Chao
1187 597 1418 655 oriundus,

114 675 230 732 sive,
277 685 326 721 ut
358 673 538 721 Lucian.
576 672 676 720 dial.
715 674 833 721 deor.
870 678 912 719 2.
950 674 1079 731 dicit,
1127 680 1420 740 ἀρχαιότερος

115 760 334 804 Ἰαπέτου.
407 753 704 800 Ludibundus
748 754 884 817 igitur
920 753 1083 821 Ibycus
1119 755 1302 821 aliisque
1337 759 1420 805 du-

117 848 212 883 ctus
240 835 484 882 rationibus
520 835 637 882 idem
666 835 894 900 professus
926 847 990 882 est
1026 848 1154 901 atque
1188 838 1421 886 Hesiodus.

116 917 305 965 Alcaeus
349 916 505 979 fragm.
551 917 710 963 XXIV.
762 915 915 963 Manli.
963 917 1156 984 Zephyri
1201 930 1241 965 et
1293 920 1423 967 Iridis

116 998 258 1046 filium
277 997 395 1055 fecit,
427 997 544 1062 quia,
581 1008 629 1044 ut
665 997 724 1043 ait
750 997 1070 1044 Grammaticus
1096 999 1254 1066 Etym„
1290 1020 1423 1049 verno

118 1091 316 1146 tempore
345 1080 407 1126 τὰ
439 1080 638 1139 ἐρωτικὰ
655 1080 910 1140 θερμότερα
931 1083 1044 1142 ἐστι’,
1081 1080 1156 1125 csr.
1182 1081 1422 1130 Malthiani.

119 1161 351 1224 Ingeniose
372 1159 445 1206 alii
475 1169 699 1224 parentem
733 1159 927 1221 ignorari
960 1159 1146 1223 fingunt,
1181 1181 1217 1207 v.
1242 1162 1425 1209 Theoi-r.

121 1241 253 1299 XIII,
297 1245 341 1287 2.
387 1230 512 1304 ᾧτινι
555 1241 692 1286 τοῦτο
729 1242 853 1287 θεῶν
896 1259 1022 1287 ποκα
1063 1245 1218 1289 τέκνον
1261 1247 1426 1304 ἔγεντο.

122 1321 224 1369 Alia
255 1321 415 1388 placita
447 1339 483 1367 v.
520 1320 566 1367 in
586 1320 769 1383 Argum.
805 1338 933 1367 carm.
960 1320 1142 1370 Theocr.
1169 1334 1209 1369 et
1234 1342 1301 1389 ap.
1326 1325 1427 1372 val-

124 1403 244 1450 cken.
282 1402 406 1449 diatr.
440 1401 592 1466 Eurip.
629 1419 670 1465 p.
704 1401 807 1448 161.

179 1571 250 1618 29)
279 1570 392 1606 Aliter
420 1572 616 1607 decrevisse
643 1574 865 1608 Simonidem
902 1581 1046 1610 testatur
1084 1575 1183 1611 Serv.
1217 1576 1313 1623 virg.
1341 1575 1430 1609 Aen.

255 1635 285 1679 1,
315 1635 405 1672 664.
438 1654 454 1669 »
466 1636 669 1673 Simonides
699 1640 804 1682 dicit,
836 1640 1047 1687 Cupidinem
1070 1655 1108 1675 ex
1134 1643 1273 1675 Venere
1295 1648 1431 1675 tantum

258 1714 334 1736 esse
352 1702 590 1749 progenitum.
621 1706 850 1752 Quamquam
871 1706 926 1739 alii
947 1706 1066 1740 dicant
1087 1719 1127 1740 ex
1148 1706 1222 1753 ipsa
1243 1714 1275 1740 et
1296 1706 1433 1745 Mai-[03

257 1770 319 1806 alii
347 1784 386 1805 ex
414 1771 489 1818 ipsa
520 1778 553 1805 et
595 1771 784 1811 ΥιιΙεηιιος
832 1771 889 1804 alii
920 1785 1002 1804 vero
1034 1770 1122 1805 Chai
1153 1779 1187 1805 et
1214 1772 1349 1818 primae
1379 1785 1435 1804 re-

258 1849 340 1870 rum
364 1843 514 1872 naturae
538 1850 619 1870 eum
641 1849 714 1870 csse
744 1836 855 1869 filium
877 1836 993 1869 velint.
1008 1848 1024 1863 «
1064 1835 1163 1869 Idem
1188 1836 1326 1869 exhibet
1349 1837 1431 1882 My-

259 1901 392 1949 tholog.
420 1902 463 1936 II.
493 1903 529 1936 in
557 1902 646 1946 Maji
675 1914 754 1935 nov.
785 1900 864 1936 coll.
904 1900 1003 1936 class.
1038 1913 1125 1935 serr.
1159 1914 1199 1936 ex
1227 1901 1332 1936 codd.
1359 1885 1435 1935 Ve-

260 1966 405 2011 tic.111‚
432 1967 503 2002 fab.
534 1968 596 2002 35.
664 1967 747 2001 Jam
773 1973 888 2013 potest
914 1966 1017 2000 statui
1045 1966 1196 2016 variasee
1224 1967 1435 2000 sententiam

261 2040 408 2080 poetae,
450 2040 488 2068 ut
519 2032 750 2079 Sapphoncm
775 2039 919 2065 testatur
949 2031 1054 2064 Paus.
1085 2031 1145 2073 lx,
1170 2032 1234 2066 27.
1265 2030 1374 2067 πολλά
1406 2046 1436 2067 τε

263 2103 320 2133 καὶ
336 2097 404 2148 οὐχ
423 2096 658 2145 ὁμολογοῦντα
676 2096 837 2141 ἀλλήλοις
857 2099 890 2138 ἐς
907 2093 1042 2143 Ἔρωτα
1063 2087 1158 2142 ᾆσαι.
1207 2095 1348 2130 Deinde
1370 2110 1438 2131 nec

263 2162 352 2198 illud
382 2165 556 2199 absonum
583 2163 690 2197 suerit
718 2162 908 2209 suspicari,
947 2161 1054 2194 alium
1083 2160 1292 2195 intellexisse
1316 2162 1437 2196 Simo-

265 2227 386 2262 uidem
408 2229 582 2264 Servium.
637 2228 713 2262 Nisi
732 2227 839 2261 satius
862 2234 912 2260 est
940 2227 985 2259 ita
1009 2225 1186 2268 decidere,
1216 2234 1254 2260 ut
1274 2227 1436 2260 Servium

266 2291 400 2326 Seholl.
428 2293 609 2339 Apollonii
637 2306 709 2326 non
737 2293 819 2326 satis
843 2293 1028 2338 diligenter
1053 2291 1261 2338 compilasse
1287 2292 1437 2326 arbitre-

266 2371 368 2400 mur,
400 2371 509 2403 quum
538 2359 573 2393 in
604 2359 744 2393 relicuis
767 2357 840 2392 sere
871 2358 1084 2404 conspirent.
