1677 3059
688 238 753 247 —
881 210 940 256 12
1064 239 1127 247 .-

257 351 323 399 vel
357 352 393 398 si
428 350 572 398 minus
607 349 837 416 probabile
868 348 1061 408 videtur,
1124 349 1216 414 ejus
1254 350 1443 399 hominis
1480 369 1562 398 no-

258 452 354 480 men
390 432 581 498 parentis
616 444 768 479 notum
803 431 962 489 fuisse,
1000 430 1070 478 alii
1109 431 1234 479 alicui
1270 432 1403 500 lbyco
1441 432 1560 479 cedi-

257 535 352 562 mus
398 515 598 562 lubenter
633 513 905 560 Cerdantem.
991 513 1102 559 Nam
1145 513 1181 559 si
1221 515 1319 578 quis
1354 515 1464 562 forte
1498 515 1560 561 ita

258 596 581 643 decernendum
616 593 941 650 existimaverit,
987 604 1035 640 ut
1064 611 1226 640 nomen
1259 592 1368 639 illud
1402 595 1456 640 ab
1490 595 1558 640 in-

257 676 355 725 dole
389 676 581 741 Rhegini
616 673 815 741 quaestui
851 673 1003 720 intenti
1036 674 1250 737 originem
1281 674 1456 722 duxisse
1490 675 1559 722 di-

256 771 346 817 cat,
381 759 418 805 is
454 758 499 804 in
526 758 779 805 memoriam
810 765 985 802 revocet
1013 755 1142 803 Pind.
1174 755 1321 803 Isthm.
1357 756 1412 813 lI,
1449 756 1491 803 6.

380 843 421 888 Ἄ
450 848 602 888 Μοῖσα
635 842 726 900 γάρ
759 842 814 885 οὐ
850 837 1115 898 φιλοκερδής
1143 856 1217 884 πω
1251 839 1335 885 τότ
1353 828 1428 894 ’ἦν
1455 841 1555 884 οὐδ’

251 924 441 984 ἐργάτις.
491 920 758 984 Quanquam
784 917 866 964 hoc
894 936 985 964 non
1011 918 1070 963 ita
1089 917 1226 982 accipi
1250 917 1391 976 velim,
1429 917 1557 983 quasi

252 1001 430 1048 omnino
464 1012 618 1065 poetae
653 999 920 1062 antiquiores
954 998 1089 1061 gratis
1125 997 1376 1045 hominibus
1411 997 1558 1045 studia

251 1101 333 1130 sua
366 1079 634 1129 addixerint:
676 1095 756 1126 nec
790 1079 923 1144 prisci
958 1090 1112 1145 poetae
1147 1080 1260 1144 epici
1298 1098 1451 1126 aurum
1486 1099 1557 1128 re-

253 1163 568 1212 formidarunt:
625 1159 705 1207 sed
746 1160 926 1208 interest
977 1160 1091 1208 inter
1131 1160 1362 1225 pecuniam
1404 1161 1555 1210 labore

250 1256 418 1312 partam
455 1255 496 1290 et
528 1253 702 1307 turpem
737 1253 976 1306 quaestum.
1048 1240 1162 1287 Vide
1199 1259 1310 1304 quae
1349 1241 1556 1290 disseruit

249 1325 483 1373 Welcker.
520 1323 575 1370 de
608 1322 743 1370 Prod.
781 1323 891 1380 Ceo,
941 1323 1056 1369 Mus.
1090 1320 1230 1368 Rhen.
1272 1323 1408 1370 1832.
1443 1324 1473 1370 I.
1509 1344 1552 1390 p.

251 1409 316 1455 30
343 1424 439 1472 sqq.
521 1399 578 1451 Et
611 1414 660 1451 ut
689 1404 1009 1451 Anacreontem
1043 1401 1296 1468 Polycrates
1332 1422 1438 1451 auro
1473 1405 1555 1452 do·-

249 1490 389 1546 navit‚
434 1487 494 1533 ita
526 1484 681 1550 procul
709 1484 846 1531 dubio
885 1495 925 1531 et
952 1483 1076 1550 Ibyci
1105 1502 1282 1548 operam
1311 1486 1452 1550 pretio
1484 1505 1554 1534 re-

251 1568 455 1616 dimebat.
537 1566 624 1613 Pro
660 1584 761 1612 vera
794 1565 1002 1612 haberem
1035 1564 1160 1610 istam
1192 1565 1383 1612 nominis
1417 1568 1553 1630 origi-

250 1668 375 1707 nem,
409 1649 447 1695 si
475 1646 692 1694 Simonidi
719 1645 804 1694 Ceo
834 1645 1092 1693 Cerdantem
1115 1656 1338 1710 parentem
1363 1645 1554 1710 legerem

251 1730 462 1777 additum.

375 1809 648 1856 Servavimus
670 1808 789 1855 hunc
818 1808 864 1854 in
887 1807 1066 1854 modum
1091 1806 1226 1873 Ibyco
1249 1807 1452 1870 Rbegino
1474 1828 1553 1874 pa·-

250 1902 361 1938 trem
395 1889 646 1953 Phytium,
684 1888 817 1953 idque
851 1888 1034 1935 fecimus
1070 1887 1137 1934 his
1172 1888 1291 1934 ducti
1322 1906 1553 1951 argumen-

248 1973 318 2019 tis.
405 1971 603 2018 Primum
638 1970 752 2016 enim
788 1988 876 2016 non
919 1968 1009 2016 leve
1047 1968 1178 2017 debet
1217 1967 1378 2024 videri,
1432 1970 1553 2032 quod

249 2053 391 2120 primo
421 2052 517 2099 loco
553 2071 578 2099 a
613 2051 752 2098 Suida
786 2052 955 2117 positus
993 2062 1067 2099 est.
1154 2049 1206 2095 Id
1240 2066 1398 2094 nomen
1434 2050 1554 2114 apud

249 2135 484 2200 plerosque
538 2152 700 2199 eosque
753 2132 990 2198 locupletes
1040 2142 1236 2178 auctores
1288 2143 1550 2195 reppererat.

267 2214 482 2271 mimos,
520 2214 721 2279 explosos
757 2231 782 2260 a
812 2212 944 2259 nobis
982 2210 1209 2276 subjunxit
1244 2228 1293 2256 cx
1326 2208 1412 2256 fide
1448 2210 1553 2257 alio-

250 2315 346 2342 rum
381 2295 526 2341 minus
553 2294 833 2359 locupletium
858 2294 1044 2340 testium.
1095 2292 1362 2354 Quanquam
1386 2291 1433 2337 id
1457 2292 1553 2356 qui-

251 2375 349 2422 dem
376 2394 467 2421 non
503 2394 770 2440 magnopere
803 2373 1091 2441 premendum
1127 2383 1204 2428 est,
1244 2370 1366 2435 quod
1386 2371 1550 2418 Eudoc.

252 2457 403 2505 Yiolet.
436 2476 479 2522 p.
515 2456 623 2504 247.
661 2475 796 2504 unum
843 2455 964 2502 illum
999 2454 1208 2522 Phytium
1244 2470 1554 2499 commemora-

249 2537 334 2594 vit,
395 2538 559 2603 quippe
606 2555 716 2601 quae
762 2537 816 2583 de
857 2555 978 2583 more
1023 2535 1206 2583 Suidam
1248 2532 1551 2598 compilaverit.

249 2616 355 2664 Plus
380 2617 497 2682 apud
522 2635 603 2664 nos
623 2616 803 2664 alterum
823 2618 934 2665 valet
957 2627 1275 2681 argumentum,
1301 2611 1422 2677 quod
1436 2612 1555 2679 Phy-
