1677 3059
699 234 763 242 —
888 207 951 255 28
1074 238 1138 248 ...-

268 348 382 398 serit.
448 346 539 394 Nos
572 355 729 393 utnon
749 344 904 411 procul
940 363 964 392 a
997 347 1140 411 patria
1171 347 1280 396 urbe
1302 360 1475 416 poetam
1499 350 1565 398 in-

267 431 515 484 terfectum,
552 445 643 473 rem
664 426 825 488 Rhegii
849 427 1110 474 declaratam
1133 438 1394 488 statuamus,
1430 450 1565 496 quum

267 511 349 558 alia
382 506 621 573 impellunt,
656 517 748 552 tum
784 506 1119 555 disertissimum
1145 509 1436 558 testimonium
1457 512 1563 576 Epi-

266 587 516 653 grammatis
551 587 597 633 in
632 587 822 633 Brunck.
858 589 941 634 An.
977 588 1053 646 HI,
1089 593 1132 635 2.
1169 608 1210 654 p.
1253 591 1384 648 164,
1429 591 1559 638 Auth.

264 669 354 717 Pal.
391 667 495 724 VII,
531 668 637 719 714.
683 671 938 719 ἀδέσποτον
970 673 1028 719 εἰς
1058 670 1232 734 Ἴβυκον
1265 672 1346 718 τὸν
1378 674 1563 733 λυρικὸν

264 749 473 807 ποιητήν.

330 831 514 890 Ῥήγῑῡν
546 833 737 884 Ἰῖαλῐης
766 831 1042 891 τεναγώδεος
1075 830 1219 894 ἄκρον
1251 837 1414 896 obsiaco,

396 913 482 957 αἰεί
508 915 749 970 Θρινακίου
782 917 1028 971 γευομένην
1062 915 1249 977 ὕδατος,

328 994 493 1040 οὕνεκα
524 991 605 1036 τὸν
640 996 853 1048 φιλέοντα
882 994 1025 1054 λύρην
1058 994 1273 1052 φιλέοντόσ
1291 1011 1340 1040 τε
1362 996 1530 1043 παῖδας

385 1073 559 1135 Ἴβυκον
591 1073 803 1134 εὐφύλλῳ
836 1076 982 1130 θῆκεν
1017 1074 1109 1120 ’ὑπὸ
1141 1080 1323 1138 πτελέη,

327 1159 440 1215 ἡδέα
459 1154 610 1199 πολλοὶ
621 1153 843 1199 παθόντα
857 1171 867 1182 ·
890 1155 1036 1201 πολὺν
1056 1159 1096 1201 δ’
1111 1155 1200 1200 ὑπὸ
1218 1155 1392 1210 σήματι
1405 1155 1560 1203 κισσόν

392 1234 557 1288 χεύατο
596 1234 676 1279 καί
709 1235 872 1279 λευκοῦ
906 1237 1136 1293 φυταλιὴν
1170 1236 1396 1290 καλάμου.

265 1319 400 1383 Cujus
431 1315 486 1361 de
520 1313 607 1360 fide
640 1331 695 1359 ne
722 1311 937 1360 levissima
974 1314 1152 1378 quidem
1178 1332 1332 1361 caussa
1361 1325 1447 1373 est,
1483 1334 1561 1362 cur

262 1399 554 1448 sollicitemur.
643 1396 754 1441 Nam
790 1395 826 1441 si
862 1394 1168 1459 cenotaphium
1203 1397 1306 1443 civis
1342 1396 1411 1443 sui
1446 1397 1558 1445 cives

260 1479 453 1543 Rhegini
507 1475 839 1534 exstruxissent,
898 1476 966 1522 vix
1009 1486 1180 1538 poterat
1226 1493 1319 1522 eam
1364 1476 1421 1522 ob
1465 1495 1558 1524 rem

259 1572 390 1628 poeta
430 1558 586 1605 urbem
629 1570 717 1605 tam
757 1556 989 1619 insigniter
1033 1555 1290 1603 collaudare.
1382 1557 1556 1620 Quodsi

259 1642 379 1706 juxta
399 1638 619 1702 Rhegium
643 1639 836 1686 occisum
861 1637 1105 1693 statuimus,
1141 1647 1232 1682 tum
1253 1635 1429 1684 demum
1452 1656 1557 1685 con-

259 1739 420 1786 gruens
460 1731 549 1777 est,
597 1719 717 1785 quod
747 1719 878 1781 longo
912 1729 1107 1782 tempore
1147 1717 1405 1781 interposito
1435 1729 1556 1782 pate-

255 1803 418 1849 factum
461 1800 631 1848 facinus
679 1800 849 1863 legitur.
931 1799 1043 1845 Nam
1085 1797 1196 1844 cives
1237 1797 1303 1843 fas
1343 1809 1407 1844 est
1451 1798 1553 1846 civis

256 1882 420 1946 egregii
465 1882 682 1929 nefarium
721 1880 946 1928 interitum
987 1878 1173 1937 luxisse,
1225 1891 1272 1926 ut
1315 1878 1462 1936 facile,
1515 1880 1551 1926 si

255 1966 325 2012 cui
369 1963 552 2010 verbum
594 1961 862 2028 imprudenti
910 1959 1161 2016 excidisset,
1220 1960 1459 2024 arriperent
1497 1961 1553 2008 ad

252 2046 486 2093 vindictam
521 2044 575 2090 de
606 2043 796 2090 scelestis
829 2041 1082 2089 hominibus
1117 2041 1384 2088 sumendam.
1454 2042 1551 2089 Jam

252 2146 353 2174 vero
388 2124 622 2173 Jamblichi
657 2124 731 2189 pia
776 2124 896 2170 fraus
938 2123 1082 2169 minus
1127 2121 1344 2186 culpanda
1382 2121 1549 2170 videbi-

250 2220 344 2265 tur,
391 2205 598 2272 quoniam
633 2215 674 2251 et
703 2203 863 2267 Rhegii
895 2210 937 2251 οι·
969 2211 1105 2257 χίλιοι
1114 2239 1132 2267 ,
1170 2203 1226 2249 ad
1262 2220 1371 2266 quos
1409 2203 1550 2251 delata

249 2307 319 2336 res
357 2288 540 2344 dicitur,
576 2303 768 2332 summos
801 2285 1078 2347 magistratus
1108 2295 1360 2347 gesserunt,
1395 2303 1431 2330 v.
1461 2286 1548 2332 Hc-

249 2370 349 2417 racl.
394 2370 519 2416 Pont.
556 2371 660 2424 25,
708 2378 748 2413 et
788 2366 1136 2413 Crotoniatarum
1182 2383 1315 2430 remp.
1363 2366 1547 2412 admini-

249 2461 408 2496 strasse
442 2447 557 2495 mille
592 2449 707 2494 viros
736 2449 963 2512 optimates
999 2447 1271 2512 accepimus,
1307 2466 1341 2492 v.
1375 2457 1547 2512 praeter

248 2529 403 2576 Jambl.
442 2530 466 2576 l.
504 2530 556 2588 l.,
603 2530 856 2575 Dicaearch.
895 2547 960 2594 ap.
997 2528 1159 2593 Porph.
1190 2529 1259 2574 vit.
1294 2526 1420 2594 Pyth.
1455 2526 1544 2582 18.,

246 2611 384 2676 Heyn.
414 2611 604 2676 Opuscc.
640 2611 694 2667 II,
730 2629 771 2675 p.
802 2611 931 2668 182,
967 2609 1114 2658 Muell.
1141 2611 1268 2657 Dorr.
1294 2608 1344 2655 Π.
1368 2626 1409 2673 p.
1438 2607 1540 2654 179.
