1677 3059
601 178 1037 228 „87-

157 318 246 383 jam
280 317 338 364 ita
374 318 604 382 scripsisse
630 328 800 374 censet,
835 315 988 364 fefellit
1017 334 1118 364 eum
1146 318 1353 379 Grotius,
1390 340 1464 369 cu-

157 398 228 463 jus
264 397 510 445 emendatio
544 410 609 446 est
639 390 748 461 ἦρος
779 415 862 463 pro
895 402 1052 462 ἔαρος,
1090 398 1174 446 vid.
1208 398 1331 447 Stob.
1363 400 1463 447 Fio-

155 477 222 524 ril.
258 479 455 536 XCVIII,
496 480 567 527 13.
605 499 646 545 p.
678 479 786 527 528.
826 478 965 526 Gaisf.
1047 480 1112 527 Ita
1145 481 1324 528 Hesiod.
1356 499 1459 547 opp.

155 563 264 612 462.
331 564 431 622 ἔαρι
461 568 614 608 πολεῖν
643 559 805 624 injuria
840 560 1018 607 tentavit
1045 560 1185 608 Bentl.
1212 580 1279 627 ap.
1309 562 1460 609 Goett-

153 638 258 704 ling.
295 640 531 688 scribendo
564 632 655 703 ἦρι.
698 641 857 707 Hymn.
896 639 990 687 Cer.
1027 641 1135 689 455.
1189 635 1299 704 ἦρος
1329 646 1459 694 ἀεξο-

151 727 332 786 μένοιο,
382 720 462 767 sed
496 739 532 767 v.
573 722 675 768 174.
724 725 870 783 εἴαρος
897 722 1027 787 ὥρῃ,
1073 721 1192 769 unde
1226 723 1459 788 probabile

152 799 201 847 fit
233 799 367 848 altero
401 801 497 848 loco
532 801 818 849 scribendum
861 820 956 849 esse
997 805 1143 865 εἴαρος
1177 808 1457 860 αὐξομένοιο.

151 910 213 918 --
255 884 298 927 2.
333 887 516 938 μαλίδες
549 882 707 948 scripsi
743 900 842 929 cum
871 883 998 941 Urs,
1031 883 1220 941 Mehlh.;
1271 885 1366 931 cod.
1403 887 1454 932 A.

145 967 334 1018 μολίδες.
405 961 578 1010 Relicui
610 969 806 1021 μηλίδες.
882 967 1023 1011 Μᾶλα
1057 964 1191 1012 habet
1219 964 1455 1014 Stesichor.

145 1041 274 1106 frgm.
309 1044 463 1091 XLVI.
499 1043 640 1091 Klein.
675 1055 717 1090 et
756 1042 852 1108 ipse
894 1045 1058 1111 Ibycus
1095 1044 1222 1107 srgm.
1258 1045 1354 1092 VII.
1395 1076 1455 1084 -

144 1126 391 1187 ἀρδόμεναι
425 1127 539 1187 ρὀἆν
566 1129 618 1172 ἐκ
642 1142 746 1171 ποτ.
815 1125 954 1171 Codd.
990 1126 1043 1171 A.
1076 1124 1124 1172 P.
1162 1126 1299 1189 ρὀόιν,
1335 1126 1456 1190 quod

143 1204 370 1252 tolerabile
416 1216 562 1252 censet
615 1204 747 1252 Naek.
799 1204 986 1251 Choeril.
1030 1224 1072 1270 p.
1125 1206 1241 1262 107,
1298 1206 1452 1253 melius

143 1288 291 1348 ρὀἆν,·
327 1285 681 1349 Schweighaeus.
719 1285 948 1334 commode
981 1285 1148 1332 editum
1185 1290 1326 1351 ρὀἇν,
1363 1288 1452 1336 sive

142 1366 360 1430 intelligas
387 1371 439 1415 ἐκ
472 1369 586 1429 ροἇν
617 1384 657 1414 τ.
688 1385 823 1431 aton,
857 1365 946 1413 sive
976 1368 1067 1413 ὑπὸ
1105 1368 1218 1428 ρὀἆν
1249 1373 1299 1414 ἐκ
1329 1386 1452 1433 ato-c„

143 1449 342 1514 suppleta
386 1448 471 1494 hac
514 1447 851 1512 praepositione.
938 1447 1151 1494 Neutrum
1197 1447 1449 1497 ferendum:

142 1529 321 1576 alterum
357 1527 646 1592 rejiciendum
674 1540 738 1575 est
761 1528 818 1574 ob
847 1546 1099 1593 perversam
1122 1527 1450 1576 collocationem

138 1608 476 1676 praepositionis
511 1611 591 1671 ἐκ,
648 1607 831 1655 alterum
866 1609 970 1673 quia
1002 1627 1093 1655 non
1128 1609 1289 1656 dicitur
1321 1609 1452 1671 ἄρδε-

139 1698 257 1738 σθαι
282 1691 373 1738 ὑπὸ
404 1707 534 1740 τινος.
605 1691 770 1734 Verum
797 1699 876 1746 est,
911 1689 990 1736 ubi
1016 1690 1189 1754 ἄρδειν,
1224 1690 1451 1752 ἄρδεσθαι

138 1770 234 1818 loco
265 1769 457 1833 vulgaris
496 1769 628 1816 dativi
661 1769 844 1816 asciscat
877 1769 1123 1817 secundum
1154 1788 1328 1829 casum,
1376 1790 1448 1819 ve-

137 1851 216 1899 luti
250 1850 399 1917 hymn.
422 1852 549 1898 Hom.
572 1851 650 1908 IX,
675 1853 716 1897 3.
751 1851 797 1897 in
818 1851 1031 1898 Dianam:
1066 1851 1233 1902 ἵππους
1262 1851 1449 1913 ἄρσασα

135 1938 462 1995 βαθυσχοίνοιο
498 1938 725 1994 Μέλητος,
771 1931 816 1978 in
852 1950 982 1997 quem
1015 1930 1159 1978 locum
1194 1950 1232 1978 V.
1267 1932 1444 1979 Ruhnk.

136 2011 216 2076 Ep.
241 2031 299 2059 cr.
325 2012 356 2058 I.
379 2031 422 2078 p.
452 2014 526 2060 61.
598 2011 822 2059 Chaerem.
860 2012 981 2078 apud
1015 2012 1116 2059 Ath.
1146 2013 1202 2071 II,
1231 2030 1272 2077 p.
1296 2012 1372 2060 43.
1398 2012 1444 2059 C.

135 2095 299 2150 χήμῶν
328 2099 376 2139 δὲ
410 2094 544 2139 πᾶσα
568 2094 759 2149 δύναμις
779 2095 966 2141 ’ὑδάτων
1000 2093 1201 2155 ἄρδεται.
1247 2092 1444 2157 Euphor.

59 2194 63 2196 ·
135 2172 264 2234 frgm.
302 2173 477 2219 LXXV.
518 2175 753 2229 Σιμόεντος
784 2180 991 2228 Ἄχαῖδας
1024 2173 1228 2235 ἄρσαμεν
1262 2175 1444 2235 ἱππους,

135 2251 215 2298 ubi
248 2251 381 2298 Mein.
417 2271 459 2317 p.
498 2254 602 2301 143.
639 2272 730 2300 non
764 2253 993 2301 immemor
1036 2254 1118 2300 fuit
1161 2253 1293 2317 hujus
1337 2251 1443 2299 loci:

136 2331 256 2397 quod
287 2331 486 2380 Alcmani
511 2336 717 2397 assignat,
755 2345 880 2380 errat.
935 2336 997 2382 Ita
1020 2337 1124 2382 Eur.
1148 2333 1313 2381 Phoen.
1338 2333 1443 2381 684.

134 2416 329 2470 αἵματος
362 2417 512 2460 ἔδευσε
554 2423 695 2475 γαῖαν
706 2434 728 2478 ,·
781 2415 988 2482 Bacchyl.
1026 2417 1153 2479 frgm.
1190 2414 1362 2470 XXVI,
1402 2417 1444 2459 2.

133 2497 350 2552 θάλπησι
372 2496 530 2558 θυμὸν
552 2497 803 2558 Κύπριδος,
832 2495 908 2540 ubi
934 2515 970 2541 v.
993 2497 1114 2542 Neue
1136 2513 1176 2559 p.
1195 2495 1268 2539 43.
1306 2492 1447 2556 Aper-

137 2586 230 2624 tum
259 2587 401 2625 autem
424 2585 504 2632 est,
539 2574 647 2638 quid
672 2574 911 2621 intercedat
942 2572 1207 2622 discriminis
1235 2572 1347 2619 inter
1367 2583 1451 2618 ter-
