1677 3059
528 212 963 260 *41-

97 373 207 420 quae
240 353 502 402 hereditario
533 354 628 418 jure
651 363 786 399 artem
819 353 1034 417 poeticam
1068 350 1125 398 ad
1148 350 1283 399 festos
1305 351 1399 401 dies

98 435 467 483 concelebrandos
503 434 787 499 compositam
823 451 874 480 ex
905 433 1107 500 professo
1142 433 1398 482 factitarent.

99 514 240 580 Saepe
276 527 419 563 autem
449 514 648 581 sepulcra
681 525 911 580 poetarum
950 514 1132 563 diversis
1167 515 1274 563 locis
1306 516 1402 562 vin-

100 595 241 643 dicata
274 595 493 654 indicant,
534 597 688 661 poesin
722 597 920 662 ipsorum
956 596 1009 643 iis
1041 596 1147 643 locis
1184 614 1279 644 esse
1311 597 1403 645 cul-

99 685 210 732 tam,
249 677 325 724 cfr.
359 679 590 727 Welcker.
623 679 750 726 Jahn.
785 675 957 725 Annall.
994 676 1158 741 philoll.
1195 679 1333 737 1829,
1369 680 1400 726 I.

100 758 141 802 2.
177 775 219 822 p.
259 760 362 806 137.
446 759 611 826 Ibycus
651 760 787 822 igitur
835 756 956 822 quod
1007 756 1085 803 has
1126 758 1405 822 potissimum

100 839 233 886 urbes
266 838 467 886 invisisse
508 840 698 887 traditur
730 857 829 887 cum
864 837 980 905 lyra,
1033 850 1288 901 argumento
1325 852 1404 900 est,

101 918 218 967 idem
264 938 403 984 genus
449 921 596 986 poesis
656 920 881 968 eboricum
927 918 1114 966 coluisse
1159 930 1200 967 ct
1243 921 1404 986 ipsum,

101 999 222 1064 quod
248 1001 294 1047 in
321 1000 405 1048 illis
445 1001 632 1049 urbibus
661 1001 847 1049 floreret.
918 1000 1112 1046 Omnino
1148 1000 1407 1049 Chalciden-

101 1097 172 1127 ses
199 1082 369 1146 poetica
404 1081 606 1129 facultate
636 1082 871 1147 studioque
906 1083 1076 1145 poetico
1114 1099 1163 1127 ex
1200 1093 1407 1129 vetustate

102 1172 347 1227 temporum
382 1162 604 1224 insignes,
663 1182 699 1208 v.
736 1164 861 1209 Hom.
903 1173 943 1208 et
976 1162 1076 1207 llos.
1114 1174 1329 1209 certamen
1365 1183 1408 1229 p.

104 1241 211 1288 243.
245 1242 401 1290 Goettl.
461 1245 614 1308 Neque
640 1261 741 1290 vero
763 1254 978 1308 repugnat
1008 1243 1107 1289 huic
1132 1242 1408 1291 Chalcidensi

105 1322 252 1386 poesis
284 1324 471 1388 origini,
506 1324 628 1390 quod
660 1341 768 1388 gens
803 1323 953 1390 Ibycia
984 1323 1205 1370 Messenia
1238 1313 1422 1372 videtur¹

106 1402 254 1451 fuisse.

235 1486 333 1533 Jam
376 1486 521 1532 minus
563 1486 807 1533 errabimus
843 1486 890 1532 in
927 1484 1210 1549 dijudicanda
1246 1488 1409 1535 utrius-

108 1583 193 1630 que
227 1577 381 1631 poetae
416 1567 747 1631 conjunctione,
786 1584 897 1631 quae
929 1583 1059 1630 quam
1095 1578 1186 1613 arta
1208 1568 1412 1615 obtinue-

106 1648 187 1705 rit,
242 1646 345 1695 hinc
387 1645 486 1694 licet
529 1647 744 1710 colligere.
832 1646 1096 1693 Asseruntur
1136 1649 1326 1713 primum
1361 1667 1412 1697 ex

109 1739 295 1792 utroque
327 1738 456 1793 poeta
490 1727 703 1774 vocabula
736 1727 950 1792 quaedam
977 1747 1089 1775 novo
1116 1727 1244 1794 plane
1278 1740 1318 1776 et
1344 1729 1413 1776 in-

109 1809 258 1856 audito
291 1820 502 1874 usurpata
534 1807 806 1872 significatu,
863 1809 928 1856 vel
961 1810 1138 1856 omnino
1174 1808 1412 1866 rarissima,

111 1888 187 1937 cfr.
222 1889 396 1952 frgmm.
433 1890 551 1948 XIII,
586 1891 637 1947 L,
672 1890 794 1948 LIII,
832 1909 943 1956 quae
978 1908 1047 1937 res
1078 1889 1249 1937 facilem
1278 1889 1414 1955 expli-

111 1982 253 2019 catum
283 1969 417 2017 habet
445 1987 497 2016 ex
527 1970 787 2033 cognatione
820 1972 968 2036 poesis
1000 1972 1229 2035 utriusque
1261 1970 1342 2016 viri
1375 1981 1417 2017 et

112 2069 163 2098 ex
194 2051 434 2116 patriarum
467 2049 647 2098 urbium
682 2053 998 2099 communione.
1091 2052 1230 2098 Aliter
1263 2069 1310 2098 se
1343 2069 1414 2098 res

112 2129 275 2177 habere
307 2130 480 2178 videtur
510 2131 637 2194 frgm.
672 2132 758 2190 IX,
804 2131 881 2179 ubi
911 2132 1052 2199 Etym.
1089 2132 1149 2178 M.
1189 2129 1416 2192 Rheginos

113 2210 330 2271 ἄτερπνος
368 2211 530 2259 dixisse
564 2211 662 2259 loco
693 2232 783 2261 voc.
817 2219 1067 2275 οὶτέρυπνος
1103 2210 1213 2265 vult;
1272 2210 1414 2276 Etym.

115 2302 259 2338 autem
301 2291 418 2338 Gud.
462 2292 594 2341 fidem
636 2293 865 2358 subjungit
912 2293 1035 2359 Ibyci
1078 2303 1116 2338 et
1165 2290 1415 2337 Stesichori.

114 2373 170 2419 Et
204 2372 250 2418 id
287 2371 464 2436 quidem
508 2386 847 2422 consentaneum
884 2385 970 2429 est,
1028 2371 1210 2438 Ibycum
1254 2369 1418 2432 Rhegi-

115 2469 222 2498 num
266 2451 422 2497 civium
460 2470 639 2500 suorum
684 2455 850 2502 formae
886 2454 1120 2516 singularis
1162 2463 1313 2497 testem
1360 2451 1420 2497 ci-

115 2532 224 2579 tari:
272 2533 445 2594 gravior
478 2532 610 2578 Musa
642 2532 880 2580 Stesichori
912 2536 978 2581 vix
1012 2533 1164 2580 formis
1197 2531 1421 2596 populari-

115 2612 202 2660 bus
248 2611 393 2660 locum
426 2615 473 2661 in
511 2612 777 2660 carminibus
814 2614 1052 2670 concessit,
1107 2613 1228 2677 quod
1274 2624 1423 2660 contra
