1677 3059
696 234 759 240 —-
870 203 962 251 162
1070 236 1128 241 -

260 349 315 396 ab
350 343 612 394 Antimacho
649 343 893 409 profectum
930 344 1208 408 suspicamur
1245 345 1391 402 Olvffie
1427 345 1572 409 Τύδη,

259 429 541 494 depravatum
581 425 629 471 id
665 435 704 471 et
738 423 970 470 insolentia
1000 423 1167 470 formae
1199 435 1240 470 et
1265 435 1313 470 ut
1339 424 1436 470 soni
1467 443 1572 471 con-

259 507 421 555 similes
457 504 652 567 contigui
688 503 970 550 haberentur.
1037 505 1134 550 Jam
1170 504 1216 550 in
1251 504 1395 551 verbis
1430 504 1571 572 Ibyci,

259 605 389 653 quem
420 584 537 632 Gud.
565 586 743 641 Ibiczts,
778 583 957 631 Helmst.
995 585 1167 632 Ybicus
1202 584 1417 643 scribunt,
1452 585 1570 632 Gud.

261 673 696 724 Ονομακλυτον
746 673 943 728 Ορφηῑ
1000 664 1181 715 Helmst.
1230 683 1428 722 ονωμοσ
1472 682 1573 712 και

261 760 574 810 Θωνορφνηί
608 736 786 792 Weiss.
811 753 1228 803 ονομακλυτον
1252 764 1447 807 ορφην.
1482 748 1569 793 Ve-

256 842 349 877 tera
383 827 645 892 exemplaria
680 844 817 890 quum
847 837 1169 891 propagassent
1202 826 1355 873 vitiose
1386 825 1571 883 ὄνομα

257 913 474 958 κλυτὸν
493 909 743 969 ”Ορφην,
781 905 1029 956 Schellenb.
1059 907 1086 957 l.
1115 925 1148 953 c.
1176 905 1432 954 emaculavit
1463 911 1570 953 ὀνο-

254 993 495 1049 μακλυτὸν
511 989 721 1050 ”Ὀρφην,
760 986 1057 1032 consentiente
1077 986 1268 1033 Lobeck.
1292 984 1510 1050 Aglaoph.
1532 986 1569 1043 I,

256 1095 298 1139 p.
327 1075 462 1128 312,
498 1069 583 1116 nisi
611 1067 733 1133 quod
757 1067 936 1127 Ὀρφῆν
957 1066 1144 1131 scripsit.
1213 1067 1379 1113 Verum
1409 1084 1459 1113 eo
1487 1085 1570 1131 po-

257 1157 342 1201 tius
378 1163 418 1198 et
441 1150 622 1213 vestigia
650 1147 779 1195 codd.
809 1147 977 1195 ducunt
1011 1158 1052 1194 et
1085 1146 1227 1213 ipsius
1259 1164 1383 1194 mens
1411 1147 1569 1194 Gram-

254 1234 421 1290 matici,
456 1243 502 1277 ut
538 1229 821 1278 emendemus

386 1312 730 1369 Ὀνομακλυτὸς
758 1310 934 1374 >Ὀρφη,

256 1393 616 1444 commaculatum
651 1391 760 1438 illud
790 1389 1007 1454 imperitia
1037 1389 1449 1448 Grammaticorum,
1484 1390 1568 1440 hac

255 1475 509 1524 nominativi
545 1474 712 1519 formae
753 1490 852 1518 cum
882 1470 1077 1516 vocativo
1114 1471 1390 1536 copulatione
1425 1473 1570 1521 offen-

255 1575 416 1603 sorum.
505 1553 597 1600 Sed
632 1564 819 1599 mentem
864 1551 1148 1598 Grammatici
1194 1552 1315 1616 quod
1351 1554 1568 1613 dicebam,

255 1636 482 1702 sequentia
529 1633 783 1699 spectabam
830 1633 1000 1689 animo,
1059 1650 1170 1696 quae
1205 1633 1265 1679 ita
1311 1634 1571 1682 concinnata

254 1729 380 1766 sunt:
421 1741 442 1761 »
455 1717 510 1763 Et
536 1715 638 1781 quia
670 1713 829 1762 Graeci
857 1714 911 1760 ab
939 1713 1247 1777 hujuscemodi
1276 1715 1570 1774 nominativis,

254 1799 302 1845 id
346 1810 432 1854 cst,
482 1788 666 1862 quie—us
701 1788 838 1842 in—e—s-
862 1804 1143 1851 comeltunt,
1189 1795 1431 1842 iocativum
1465 1797 1511 1842 in
1547 1815 1572 1844 e

256 1880 434 1943 longum
470 1878 728 1934 terminant,
776 1887 824 1923 ut
858 1867 895 1922 ὦ
935 1876 1089 1937 Τύδη,
1136 1875 1172 1921 ὦ
1205 1875 1390 1939 Ὀρφη,
1435 1877 1483 1923 in
1517 1896 1569 1925 eo

255 1979 432 2025 quoque
467 1978 571 2005 casu
607 1957 845 2023 aliquando
882 1955 980 2002 illos
1023 1967 1269 2019 sequuntur
1301 1956 1470 2014 Latini,
1521 1969 1571 2005 ut

254 2040 446 2097 Achille,
482 2041 664 2087 Perse«
731 2041 792 2085 Ut
818 2039 953 2101 igitur
989 2038 1112 2093 Τύδη
1142 2034 1325 2100 exempli
1356 2038 1495 2099 gratia
1519 2057 1571 2088 ex

253 2121 516 2168 Antimacho
552 2122 720 2179 hausit,
757 2121 815 2167 ita
848 2120 1000 2181 Ὄρφη
1036 2118 1278 2163 vocativum
1314 2117 1454 2182 Ibyco
1492 2119 1570 2167 de-

253 2202 337 2249 bet.
422 2202 623 2249 Ceterum
658 2201 779 2267 quod
811 2199 1064 2247 nominativi
1100 2209 1230 2262 atque
1265 2199 1447 2245 vocativi
1481 2211 1569 2247 ter-

251 2284 532 2330 minationem
565 2283 853 2329 commisisset
886 2281 1074 2346 IbycuS,
1109 2278 1283 2324 videtur
1312 2278 1568 2328 Priscianus

250 2366 475 2430 posuisse:
505 2363 735 2418 simililer,
765 2381 854 2409 non
876 2360 1005 2427 plane
1029 2370 1073 2404 ut
1095 2358 1407 2416 Antimachus3
1438 2379 1569 2425 quem

250 2446 424 2511 saepius
459 2444 747 2492 admiscuisse
773 2442 1042 2489 carminibus
1069 2440 1160 2486 suis
1186 2440 1352 2487 formas
1380 2441 1568 2488 Doricas

250 2538 369 2572 notat
392 2525 537 2573 Schol.
568 2524 774 2571 Nicandr.
800 2524 930 2569 Ther.
960 2525 1001 2567 3.
1073 2519 1196 2567 Idem
1236 2520 1453 2567 affectavit
1476 2521 1568 2568 Eu-

248 2606 429 2672 phorio,
471 2626 519 2653 ex
554 2607 679 2669 cujus
716 2605 843 2667 frgm.
868 2606 941 2651 67.
978 2601 1113 2650 Mein.
1149 2599 1395 2663 sublegisse
1423 2600 1560 2650 Prisc.
