1677 3059
522 252 586 260 —
715 227 775 272 19
905 254 969 263 .-

96 366 174 413 dit.
265 364 357 412 Sed
395 382 450 411 ne
496 365 605 430 quid
646 363 701 410 de
742 363 826 411 hoc
861 381 1041 411 munere
1086 364 1228 413 dicam
1271 380 1398 435 atque

96 444 427 512 compellatione
456 445 636 492 Graecis
667 443 847 492 auribus
879 444 1091 503 inaudita,
1126 446 1173 492 id
1205 449 1242 494 si
1267 450 1398 498 modo

95 525 242 573 dicere
277 535 317 572 et
350 524 556 574 voluisset
590 524 714 571 Suid.
754 535 796 570 et
829 525 1069 590 potuisset,
1127 526 1399 576 efferendum

94 605 263 652 Graece
297 605 392 652 fuit.
473 605 718 653 Lenissimo
752 605 823 651 usi
860 605 1054 652 remedio
1091 605 1187 654 loco
1223 624 1400 655 sensum

91 702 222 732 suum
254 685 480 733 reddimus
515 687 598 734 ita:
632 688 660 733 o‘
693 688 776 733 τοῦ
806 688 1087 745 τυραννικοῦ
1122 690 1217 749 πςῖ,
1256 686 1303 732 id
1338 702 1403 737 est

92 768 272 827 πρῶτος
282 801 300 828 ,
334 777 622 832 tyrannorum
659 765 908 812 Samiorum
942 765 1174 831 princeps,
1213 777 1261 813 ut
1295 786 1401 835 sup-

93 844 265 910 pleatur
297 845 558 908 cogitatione
590 846 789 908 κράτους
819 844 908 892 sive
931 846 1067 893 mavis
1098 845 1240 905 aliud;
1282 852 1402 913 quod

93 925 132 972 si
156 924 488 990 improbaveris,
525 925 678 972 eodem
704 942 851 981 sensu,
887 926 1124 973 mutatione
1145 945 1237 974 non
1267 929 1402 978 multo

93 1004 342 1064 audaciore,
376 1008 471 1053 τῶν
489 1007 725 1068 τυράννων
748 1023 938 1071 reponas
963 1018 1115 1054 auctor
1135 1026 1245 1055 sum.
1296 1011 1402 1058 Per-

90 1097 293 1149 vagatum
327 1097 470 1134 autem
506 1097 596 1144 est,
653 1086 851 1149 vulgaria
886 1085 959 1132 illa
993 1087 1170 1135 nomina
1200 1099 1240 1135 et
1272 1108 1402 1158 saepe

90 1166 344 1224 redeuntia,
381 1165 496 1212 velut
529 1167 675 1230 πόλις,
711 1173 930 1230 πολίτης,
967 1170 1192 1232 βασιλεὺς,
1227 1176 1400 1237 πατὴρ,

91 1249 270 1308 πρῶτος
299 1245 389 1293 rell.
422 1264 447 1293 a
471 1245 662 1294 librariis
690 1265 781 1293 non
804 1247 1018 1311 exscripta
1043 1248 1257 1297 incurtata
1284 1270 1400 1309 esse3

92 1325 212 1374 unde
255 1326 610 1392 frequentissima
655 1338 803 1374 exorta
845 1327 1046 1374 confusio
1095 1340 1170 1376 est.
1248 1332 1401 1398 Neque

91 1405 238 1452 minus
282 1406 536 1472 frequenter
575 1408 789 1473 permixta
822 1407 1033 1472 adjectiva
1076 1408 1121 1454 in
1153 1402 1252 1463 sko—g
1288 1426 1326 1460 et
1354 1408 1403 1466 <Tg

91 1485 344 1545 terminata,
390 1508 426 1534 v.
462 1489 617 1536 Walz.
654 1490 810 1536 Arsen.
847 1488 959 1534 Viol.
994 1507 1036 1553 p.
1072 1490 1180 1540 287.
1281 1492 1400 1541 Illius

91 1565 266 1628 generis
308 1585 507 1632 promam
544 1568 799 1635 exemplum.
887 1568 1133 1615 Antimach.
1168 1572 1213 1618 in
1248 1573 1268 1619 I
1302 1574 1399 1622 libr.

91 1645 308 1693 Thebaid.
342 1666 410 1713 ap.
448 1648 598 1714 Steph.
634 1651 817 1717 Byzant.
854 1668 887 1696 s.
923 1667 959 1693 ν.
999 1654 1289 1718 Τευμησσός,
1331 1674 1399 1720 ap.

90 1726 338 1776 Schellenb.
375 1728 504 1792 frgm.
540 1731 602 1776 III
633 1730 693 1776 ita
727 1731 916 1796 scriptus
950 1740 1037 1777 est:

189 1810 370 1859 Οὕνεκα
389 1814 433 1856 οἱ
454 1815 677 1872 Κρονίδης
696 1814 754 1861 ὠς
772 1817 894 1872 μέγα
917 1812 1107 1857 πάντων
1130 1813 1319 1861 ἀνάσσει

182 1890 363 1953 Ἄντρον
394 1894 460 1936 ἑνί
490 1893 600 1950 σκιῇ
630 1894 895 1949 τευμήσατο
932 1909 1027 1955 sqq.

89 1971 140 2018 In
190 1971 353 2036 quibus
398 1975 459 2022 (ὃς
493 1971 605 2018 illud
640 1983 784 2018 ortum
829 1971 960 2019 nobis
1008 1983 1072 2018 est
1106 1990 1156 2018 ex
1191 1979 1402 2034 βασιλεὺς

91 2051 208 2098 vocis
239 2050 528 2117 compendiO,
568 2070 656 2116 quo
691 2053 883 2117 reposito
914 2052 1078 2099 relicua
1109 2063 1266 2117 sponte
1301 2074 1399 2102 coe-

91 2139 171 2175 unt
204 2130 252 2177 in
284 2150 481 2190 versum;
542 2132 589 2178 in
625 2131 758 2178 altero
792 2136 898 2193 σκιῇ
932 2144 1048 2179 recte
1083 2132 1271 2179 Meinek.
1308 2134 1398 2181 Eu—

90 2208 216 2274 phor.
246 2227 290 2274 p.
317 2212 422 2260 129.
459 2211 728 2261 emendavit:

159 2291 338 2338 Οὕνεκα
353 2297 398 2338 οἱ
417 2298 641 2355 Κρονίδης
659 2295 867 2356 βασιλεὺς
888 2297 1007 2354 μέγα
1024 2294 1164 2339 πᾶσιν
1183 2296 1400 2342 οὶνόισσων

149 2369 329 2432 ’Ἄντρον
358 2375 424 2417 ἔνι’
455 2380 559 2432 στίῃ
590 2375 868 2431 τευμήσατο.

223 2449 342 2496 Sami
375 2452 585 2515 quamdiu
626 2464 916 2500 commoratus
952 2454 1008 2499 sit
1042 2464 1170 2518 poeta
1213 2464 1254 2499 et
1289 2472 1397 2518 quo-

93 2529 226 2577 modo
263 2549 287 2577 a
321 2531 550 2597 Polycrate
581 2532 783 2591 habitus,
827 2552 917 2579 non
951 2532 1184 2579 tradidisse
1218 2545 1396 2592 veteres,

94 2622 159 2658 est
195 2610 316 2676 quod
349 2611 584 2670 miremur,
622 2613 696 2676 qui
736 2614 858 2661 multi
892 2625 993 2661 sunt
1026 2614 1070 2659 in
1103 2612 1396 2677 praedicanda

1121 2697 1181 2738 2*
