1677 3059
530 225 964 272 -209-

90 367 196 420 176.
224 365 334 414 239.
404 363 545 412 Aliter
573 381 646 412 res
679 380 726 411 se
756 361 890 412 habet
922 364 968 412 in
999 383 1160 417 nomm.
1193 372 1402 435 propriis,

84 447 134 495 in
169 445 334 512 quibus
369 445 604 510 originatio
639 443 730 492 fere
768 444 1010 505 delituerit,
1046 457 1095 495 ut
1132 451 1405 505 Φανόμαχος

86 545 157 593 ap.
195 526 336 579 Thuc.
367 527 423 586 II,
463 529 565 585 70.‚
600 525 679 574 sed
717 532 972 589 Φαιναρέτη
1007 529 1142 576 Arist.
1179 528 1289 576 Ach.
1325 531 1401 579 49.

86 607 183 656 alia.
250 607 380 656 Multi
411 618 555 655 autem
585 618 688 654 sunt
720 617 817 654 vett.
854 625 959 655 serr.
993 608 1039 656 in
1075 609 1296 676 rrepanda
1316 611 1402 658 vir-

87 688 242 752 ginum
273 688 558 736 Doriensium
593 687 767 735 lascivia
801 688 1038 753 conspicua
1071 689 1143 738 illa
1180 702 1220 738 et
1251 691 1296 738 in
1330 710 1403 739 ve-

89 767 393 816 stimentorum
438 768 612 815 licentia
651 779 692 815 et
727 769 773 815 in
816 768 1016 816 moribus
1060 770 1106 816 in
1152 769 1402 819 liberiorem

92 848 257 897 cultum
291 849 569 914 compositis,
604 868 641 896 v.
667 846 902 899 Welcker.
928 848 1069 900 Alcm.
1095 849 1218 916 reliq.
1254 872 1299 918 p,
1329 856 1402 904 10,

88 928 196 976 Eur.
218 929 322 979 Hec.
354 930 461 976 933.
498 934 611 988 λέχη
648 933 698 977 δέ
720 935 852 988 φίλια
875 931 1160 985 μονόπεπλος
1182 935 1402 997 λιποῦσα,

90 1011 234 1070 Δωρίς
267 1012 328 1060 ὠς
360 1012 480 1073 κόρα
491 1029 516 1075 ,⁶
570 1012 805 1058 Anacreon
839 1008 886 1055 in
922 1009 1083 1056 Scholl.
1130 1014 1303 1060 ἐκδῦσα
1335 1033 1405 1068 χι-

90 1090 219 1136 τῶνα
254 1093 472 1152 δωριόεζει.
541 1096 881 1152 Φαινομηρίδας
916 1089 1087 1148 dixere,
1133 1093 1236 1157 quia
1266 1094 1405 1159 pellu-

95 1171 256 1219 cebant
287 1171 507 1235 utrimque
538 1177 705 1235 μηροί,
753 1171 935 1218 dimisso
972 1170 1028 1217 ab
1063 1182 1249 1238 utraque
1284 1187 1406 1239 parte

93 1251 253 1316 peplo,
298 1269 354 1298 ne
383 1251 431 1297 in
456 1251 840 1299 exercitationibus
872 1252 1089 1319 gymnicis
1111 1255 1293 1302 vestium
1318 1275 1408 1303 am-

95 1329 194 1378 bitu
225 1330 570 1397 impedirentur,
604 1350 641 1378 v.
676 1332 790 1380 Plut.
827 1332 854 1380 l.
889 1352 924 1380 c.
970 1337 1037 1397 τῷ
1069 1338 1160 1398 γαρ
1195 1336 1292 1383 ὄντι
1326 1341 1410 1385 τοῦ

94 1414 383 1474 παρθενικοῦ
415 1413 605 1466 χιτῶνος
635 1416 685 1458 αἰ
716 1416 933 1474 πτέρυγες
972 1419 1062 1462 οὐκ
1099 1408 1223 1473 ἦσαν
1257 1435 1409 1480 συνερ-

96 1498 324 1555 ραμμέναι
356 1495 573 1540 κάτωθεν
584 1529 603 1557 ,
647 1497 750 1541 ἀλλ’
783 1495 1123 1542 ἀνεπτύσσοντο
1157 1500 1239 1543 καί
1271 1515 1410 1545 συνα-

97 1573 349 1634 νεγύμνουν
391 1576 500 1620 ὅλον
544 1577 591 1620 ἐν
623 1576 690 1638 τῷ
722 1577 915 1636 βαδίζειν
955 1577 1037 1621 τὸν
1069 1577 1230 1638 μηρόν.
1317 1581 1416 1626 Καί

97 1660 371 1714 σαφέστατα
402 1655 455 1701 τὸ
498 1655 739 1716 γενόμενον
770 1658 920 1717 εἴρηκε
961 1659 1199 1716 Σοφοκλῆς
1229 1662 1276 1707 ἐν
1306 1660 1415 1712 τούῆ

98 1750 220 1786 τοις·

166 1817 265 1864 Καί
285 1816 375 1862 τάν
399 1819 610 1879 νέορτον,
645 1803 700 1866 οἷς
720 1819 782 1862 ἔτ’
808 1815 1003 1866 ἄστολος
1024 1817 1185 1881 χιτών,

167 1896 332 1957 οἷ’ραιόν
355 1897 479 1955 ἀμφί
503 1897 654 1958 μηρὸν
679 1897 960 1959 πτύσσεται,
1000 1900 1248 1958 Ἑρμίοναν.

105 1975 194 2024 Cfr.
229 1974 428 2024 Mueller.
463 1975 594 2022 Dorr.
631 1976 687 2034 II,
720 1996 762 2043 p.
793 1977 928 2035 264„
963 1977 1040 2023 W
1043 1974 1286 2026 achsmuth.
1321 1980 1415 2026 An-

104 2056 213 2123 tiqq.
253 2056 354 2104 Grr.
387 2057 444 2116 11,
479 2060 524 2104 2.
560 2075 603 2123 p.
631 2059 706 2104 33.

584 2204 821 2268 Fragm.
877 2201 931 2252 L.

237 2299 428 2368 Hesych.
460 2299 494 2356 I,
528 2317 570 2364 p.
607 2299 716 2348 774.
751 2299 938 2348 Alberti.

212 2387 521 2444 Βρυαλίκται.
577 2385 816 2438 πολεμικοι1
848 2382 1059 2442 ὤρχηται
1093 2397 1177 2437 ,ιιεν
1211 2383 1423 2426 αἰδοίπου

100 2461 321 2525 Ἴβυκος
355 2464 435 2508 καί
467 2465 757 2523 Στησίχορος.

236 2544 301 2590 Ita
335 2540 431 2590 cod.
478 2542 588 2586 Ven.
626 2558 693 2604 ap.
731 2539 902 2590 Schow.
946 2561 990 2607 p.
1026 2543 1131 2590 183.
1212 2539 1425 2585 Musurus

109 2623 274 2672 edidit:
324 2624 553 2686 ὀρχησταί
583 2638 665 2676 μεν
693 2623 751 2685 -Ι-
777 2627 991 2669 αἰδοίπου
1022 2621 1096 2684 Ἴβ.
1132 2639 1229 2684 sqq.
1300 2619 1426 2665 Intel-

1151 2702 1213 2749 14
