1677 3059
698 210 760 217 —
871 180 964 227 154
1065 207 1129 215 —

317 325 558 382 Παρθένον
583 325 630 368 ἐν
653 321 837 383 πελάγει
859 321 1008 378 ζητῶν
1035 321 1123 377 τὴν
1147 322 1323 383 πρόσθε
1349 327 1510 371 λέοντα

380 404 538 459 τήθὴν
557 403 758 464 εύρήσεις
780 400 1071 461 παιδοφόνον
1097 404 1302 466 Ἑκάβης,

252 481 413 547 optime
448 482 579 529 soluti
614 500 639 529 a
674 480 905 538 Jacobsi03
942 482 1018 528 cfr.
1052 481 1255 531 Holobol.
1292 483 1336 529 in
1371 484 1553 537 Dosiad.

250 582 369 610 aram
406 581 473 628 ap.
511 562 714 611 Valcken.
751 562 874 609 diatr.
909 580 951 627 p.
981 562 1086 610 133.
1156 562 1407 625 Quaeritur,
1445 567 1555 631 quid

248 642 470 690 induxerit
503 655 677 709 poetam
711 643 759 690 id
802 655 851 691 ut
884 653 1073 690 novaret.
1158 644 1269 691 Nam
1312 664 1446 709 quum
1482 665 1553 694 ex-

247 724 516 790 peditionem
549 724 906 787 Argonautarum
939 723 1131 786 vulgaris
1166 725 1281 772 fama
1310 726 1356 772 in
1381 727 1552 774 Colchi-

248 805 349 853 dem
372 816 619 871 susceptam
647 805 771 863 ferat,
808 805 1029 869 antiquior
1064 816 1105 852 et
1128 807 1341 853 sincerior
1374 808 1551 854 traditio

247 886 487 951 eademque
529 897 673 934 tamen
707 887 793 933 situ
829 885 1051 933 vetustatis
1085 885 1318 934 obscurata
1355 891 1399 935 in
1433 889 1551 935 Tau-

244 968 378 1014 ricam
412 965 707 1033 paludemque
749 965 1016 1013 Maeotidem
1053 967 1260 1014 directam
1295 969 1550 1026 testabatur,

242 1068 280 1094 v.
316 1048 514 1100 Mueller,
549 1045 757 1093 Orchom.
789 1067 831 1113 p.
853 1049 964 1097 279.
1041 1048 1154 1094 Hinc
1189 1048 1392 1094 Medeam
1429 1060 1551 1095 erant

244 1129 320 1194 qui
356 1128 682 1176 callidissimam
714 1138 755 1174 et
787 1127 1024 1176 masculam
1048 1126 1275 1174 mulierem
1309 1127 1547 1176 fortissimo

242 1209 367 1256 heroi
411 1208 667 1274 Iphigeniae
709 1207 829 1266 loco,
890 1226 1002 1273 quae
1045 1208 1283 1273 antiquitus
1329 1209 1427 1274 ipsa
1466 1210 1549 1257 fuit

240 1289 385 1336 Diana
408 1289 610 1346 Taurica,
639 1288 881 1336 Helenaeve
905 1308 1085 1336 uxorem
1108 1289 1411 1354 adjungerent,
1436 1311 1546 1358 quo-

239 1388 339 1417 rum
372 1387 530 1433 agmen
565 1368 688 1416 duxit
719 1381 850 1436 poeta
881 1369 1126 1433 Rheginus.

687 1502 724 1548 F
740 1507 763 1549 r
781 1522 805 1550 a
823 1522 851 1566 g
866 1522 922 1550 m.
978 1503 1097 1549 XIX.

367 1597 605 1644 Herodian.
642 1599 784 1664 Etym.
820 1599 969 1660 Magn.
1000 1615 1043 1661 p.
1077 1598 1183 1655 171,
1219 1600 1261 1646 7.
1298 1599 1420 1667 Sylb.

332 1677 524 1726 Αὔσιον·
558 1683 640 1726 καί
669 1683 695 1728 ὁ
724 1678 1041 1742 μέν”Ιβυκος
1067 1678 1226 1726 αὗσιον
1253 1687 1387 1746 λέγει,
1421 1677 1541 1729 οἷον·

239 1759 306 1806 Οὐ
340 1759 432 1819 γάρ
476 1759 638 1808 αὗσιον
681 1768 788 1810 παῖς
833 1765 1030 1811 Τυδέωςε
1069 1791 1129 1797 -
1181 1764 1207 1810 o‘
1243 1768 1291 1809 δέ
1323 1766 1539 1820 Ἀλκμαν-

237 1844 418 1886 Ταυσία
448 1847 715 1889 παλλακίωε
740 1871 800 1879 --
837 1843 861 1889 ὁ
897 1845 944 1888 δὲ
978 1845 1170 1900 ποιητὴς
1205 1846 1327 1890 κατα
1349 1846 1538 1891 διαστα-

235 1935 306 1965 σιν
351 1922 432 1965 καί
461 1925 642 1983 τροπὴν
674 1927 758 1971 τοῦ
794 1927 827 1971 οἳ
853 1928 910 1974 εἰς
943 1928 994 1981 ἡ·
1049 1920 1145 1970 οἷον
1189 1930 1383 1982 τηϋσίην
1415 1927 1535 1972 ὁδὸν.

236 1998 424 2066 (Odyss.
450 2001 526 2060 III⁷
551 2005 668 2062 3163
699 2006 796 2062 XV,
825 2005 920 2068 13.)
956 2008 1099 2055 οὐδείς
1131 2007 1220 2066 γαρ
1242 2008 1322 2051 τὸν
1355 2025 1536 2063 σχημα-

233 2084 395 2137 τισμὸν
428 2087 576 2132 αὐτοῦ
609 2087 942 2148 κατώρθωσεν·
993 2086 1082 2146 ἐγώ
1117 2090 1165 2131 δὲ
1200 2087 1433 2148 ἠγοῦμαι,
1466 2089 1536 2135 ὅτι

232 2165 417 2223 πρῶτον
440 2166 492 2210 τὸ
515 2169 624 2226 παρ’
646 2167 822 2229 Ἰβύκῳ·
856 2168 1061 2227 δεύτερον
1084 2168 1135 2212 τὸ
1160 2169 1289 2228 παρα
1312 2171 1532 2223 Ἀλκμᾶνι.

234 2242 384 2305 (frgm.
422 2244 467 2290 C.
512 2264 580 2310 ap.
616 2245 870 2311 VVelcker.)
915 2253 1067 2308 τρίτον
1099 2248 1151 2292 τὸ
1186 2250 1316 2309 παρὰ
1350 2251 1533 2312 Ὁμήρῳ

233 2326 360 2370 κατὰ
389 2327 642 2373 διάστασιν.
673 2328 819 2378 οὕτως
852 2329 1116 2389 Ἡρωδιανὸς
1146 2331 1247 2389 περὶ
1279 2332 1461 2378 παθῶν.

358 2406 520 2473 Ibycus
544 2408 678 2471 igitur
699 2408 874 2474 scripsit
898 2408 935 2454 si
962 2407 1281 2456 emendarimus
1304 2415 1499 2461 Τυδέωςε

299 2492 365 2535 Οὐ
388 2491 479 2552 γὰρ
502 2489 664 2538 αὕσιον
688 2497 793 2540 παῖς
821 2494 983 2540 Τυδέος
1014 2522 1434 2538 ..........

464 2572 570 2618 -><
685 2609 696 2626 ,

290 2626 794 2643 ——u—u———UU
