1677 3059
641 216 1080 264 -44-

280 358 508 421 Θρώσκων
538 357 836 422 Ἀμφιάραος,
872 355 1032 405 ἄκοντι
1061 361 1109 404 δὲ
1141 361 1322 406 νίκασεν
1347 364 1515 406 Μελέα-

971 441 1174 500 reos-1⁶)

288 570 290 572 ,
339 520 475 586 Apud
519 518 660 566 Klein.
707 530 818 565 sunt·
849 518 1022 582 frgmm.
1069 520 1124 576 II,
1158 519 1242 575 1113
1301 519 1425 583 cujus
1468 519 1516 565 iu

211 604 353 669 primo
386 618 514 647 versu
543 599 887 647 emendationem
908 599 1196 664 suscepimus,
1235 618 1368 664 quum
1391 612 1515 647 antea

210 688 458 745 παρθένων
485 685 612 743 δῶρα
637 681 877 744 legeretur,
912 681 1039 727 metri
1068 680 1385 746 simplicitatem
1414 699 1515 746 per-

210 765 408 813 turbans.
487 762 637 809 Fuerit
681 772 821 808 autem
864 779 969 808 sane
1008 761 1119 808 illud
1163 779 1336 809 carmen
1378 760 1516 807 Stesi-

212 845 356 901 chori;
411 844 492 891 hoc
525 844 742 890 neminem
777 843 918 905 fugit,
976 841 1292 889 dubitationem
1336 840 1514 888 omnino

210 945 301 973 non
332 925 527 991 potuisse
555 925 699 972 locum
725 924 908 982 habere,
939 923 1026 969 nisi
1056 923 1180 990 Ibyci
1204 922 1394 970 carmina
1417 921 1513 967 Ste-

210 1007 412 1054 sichoriis
457 1005 673 1052 simillima
718 1004 905 1050 fuissent
945 1002 1013 1050 vel
1054 1002 1299 1066 argumenti
1343 1001 1512 1049 delectu

208 1087 275 1134 vel
310 1085 668 1134 conformationis
701 1085 882 1131 ratione.
969 1085 1020 1130 In
1053 1095 1205 1130 nostro
1241 1094 1382 1129 autem
1417 1099 1512 1129 car-

206 1168 324 1215 mine
357 1165 672 1213 dubitationem
708 1165 834 1212 sitam
871 1183 1096 1212 censemus
1131 1183 1220 1211 non
1254 1165 1301 1210 in
1335 1164 1513 1227 ignora-

206 1249 348 1303 tione,
386 1265 559 1293 carmen
589 1246 699 1294 illud
733 1257 879 1293 utrum
914 1245 969 1292 ab
1004 1234 1140 1313 Ibyco
1174 1244 1419 1310 profectum
1442 1242 1512 1288 fu·-

210 1327 292 1374 erit
330 1345 385 1373 an
430 1327 484 1374 ab
523 1327 797 1385 Stesichoro‚
848 1326 928 1374 sed
964 1328 1022 1374 ita
1056 1327 1202 1392 potius
1241 1344 1310 1372 res
1346 1321 1511 1388 dijudi-

210 1406 352 1455 canda
393 1407 576 1455 videtur.
662 1407 814 1470 Quum
852 1419 1036 1472 uterque
1077 1418 1206 1473 poeta
1254 1405 1512 1454 confecisset

209 1507 384 1536 carmen
419 1489 571 1536 eodem
607 1489 730 1537 titulo
763 1500 990 1546 ornatum,
1027 1489 1170 1553 quiin
1208 1487 1407 1534 ordinem
1441 1503 1511 1531 re-

207 1568 425 1632 degerunt
457 1569 686 1635 utriusque
721 1571 935 1628 carmina,
969 1588 1059 1616 non
1093 1571 1196 1616 satis
1220 1576 1420 1633 poterant
1444 1564 1510 1611 di-

263 1720 331 1766 16)
359 1723 446 1757 Post
471 1721 645 1771 θρώσκων
667 1723 771 1771 vulgo
799 1721 965 1756 inseritur
991 1725 1052 1768 μὲν
1076 1721 1164 1768 ’γάρς
1194 1720 1313 1754 Klein.
1340 1718 1396 1768 ἄρ’
1420 1731 1509 1753 con-

335 1789 429 1834 jecit.
494 1788 745 1824 praestabilius
776 1788 961 1822 videbatur
989 1787 1070 1820 istas
1098 1785 1240 1819 voculas
1269 1792 1306 1818 ut
1335 1784 1509 1819 Athenaei

337 1853 617 1888 additamentum
658 1861 760 1900 poeta
798 1853 984 1900 indignum
1021 1851 1226 1893 secludere,
1279 1849 1372 1896 quod
1403 1848 1511 1882 suasit

335 1932 367 1952 v.
397 1918 430 1952 d.
461 1919 497 1952 in
528 1918 670 1953 Annall.
700 1918 800 1952 class.
828 1919 990 1953 Britann.
1024 1917 1147 1958 1823,
1179 1917 1223 1957 2,
1262 1929 1295 1961 p.
1326 1914 1415 1949 216.
1453 1933 1507 1939 --

334 1986 482 2019 Νίκασεν
505 1985 706 2032 ΙιῙελέαγρος
727 1983 927 2030 Stephanus
955 1995 992 2016 se
1021 1981 1226 2015 emendasse
1245 1981 1293 2014 ait
1312 1993 1420 2026 quum
1443 1992 1508 2013 an-

335 2055 392 2083 tea
421 2048 598 2096 vulgatum
624 2056 724 2092 esset,
754 2049 849 2095 quod
879 2048 983 2083 codd.
1010 2049 1052 2082 B.
1080 2048 1121 2082 P.
1148 2047 1283 2087 sistunt,
1313 2045 1406 2085 mag
1423 2044 1508 2090 Ἐμ-

335 2116 543 2162 μελέαγρος,
572 2114 607 2148 h.
636 2128 665 2149 e.
694 2117 834 2161 νίν.ασε,ιι
860 2117 1067 2162 μελέαγρος,
1104 2121 1141 2146 ut
1170 2112 1253 2145 olim
1281 2111 1385 2144 scribi
1414 2109 1509 2143 sole-

336 2179 407 2213 bat.
465 2179 546 2223 Qua
570 2180 706 2214 ratione
735 2180 920 2227 diligenter
941 2181 1123 2213 observatu
1153 2183 1288 2210 constat
1310 2183 1393 2221 quot
1422 2175 1508 2209 locis

337 2244 536 2279 Pindarum
559 2245 754 2279 emendarit
773 2246 814 2279 A.
836 2243 1057 2282 Bocckhius;
1086 2243 1204 2277 multis
1233 2241 1317 2274 locis
1346 2240 1507 2287 Aeschy-

336 2308 392 2343 lus
419 2309 549 2356 poterit
573 2310 717 2344 restitui.
785 2309 856 2343 Sed
886 2310 980 2356 quod
1002 2307 1157 2344 Meinek.
1179 2307 1337 2353 Euphor.
1365 2321 1397 2353 p.
1420 2306 1506 2341 187.

339 2387 395 2422 ap.
419 2374 548 2409 Aesch.
566 2376 692 2422 Agam.
723 2376 812 2409 377.
837 2374 1055 2421 παμμάταιον
1077 2373 1245 2419 scriptum
1275 2372 1417 2417 conjicit
1441 2384 1505 2418 pro

337 2440 412 2484 πᾶμ
437 2453 536 2486 ματ.,
575 2452 700 2474 nervos
730 2439 892 2474 dictionis
923 2438 1132 2485 Aeschyliae
1163 2437 1296 2471 incidit.
1362 2436 1436 2471 Nos
1465 2449 1505 2470 ex

338 2502 441 2548 hujus
478 2503 627 2552 ἀρχαιας
654 2509 848 2551 σημασίας,
888 2511 925 2538 ut
953 2503 1179 2539 Aristarchus
1208 2510 1331 2545 vocat,
1367 2508 1504 2536 scruta-

337 2569 435 2603 tione
464 2568 528 2603 hos
558 2569 654 2604 locos
692 2570 791 2618 Ibyci
828 2570 929 2605 nobis
957 2569 1149 2606 correxisse
1177 2568 1357 2611 videmur,
1398 2566 1501 2614 srgm.

339 2633 420 2677 vu,
448 2634 545 2679 x111,
574 2635 739 2680 xxx1x,
767 2635 877 2679 va,
907 2635 950 2670 al.
