1677 3059
677 221 741 228 —
845 192 942 236 222
1049 221 1106 226 --

456 348 592 373 versus
622 332 666 371 ab
698 330 922 371 Archebulo
950 330 1210 370 Archebulius
1238 330 1361 370 dictus
1390 339 1449 372 est
1469 345 1550 371 non

455 403 541 457 ipso
561 409 720 440 auctore
741 401 890 450 editus,
930 400 997 439 sed
1025 400 1070 439 ab
1102 415 1149 439 eo
1177 400 1404 451 frequenter
1430 416 1548 440 usur-

454 480 578 526 patus.
641 472 736 510 Nam
766 477 804 508 et
829 470 965 523 Ibycus
997 476 1036 507 et
1061 469 1249 508 Pindarus
1279 476 1318 508 et
1344 470 1435 509 Sim.
1465 485 1547 523 sqq.

237 546 300 586 Ad
319 560 356 599 p.
380 547 443 583 79.
464 540 675 579 Hermanni
697 537 1027 577 emendationibus
1049 538 1219 577 confisus
1241 546 1301 577 est
1318 538 1549 595 Bernhardy

453 608 667 665 Encyclop.
688 608 821 661 philol.
852 624 887 661 p.
913 611 1000 646 182.

247 708 298 716 .-
327 696 364 735 p.
392 684 457 719 88.
486 679 600 718 Haud
627 679 707 717 scio
736 693 783 717 an
814 679 860 716 ad
897 675 1162 729 explicandum
1191 674 1320 714 locum
1352 676 1548 716 difficilio-

454 762 538 787 rem
565 744 697 794 faciat,
738 747 843 796 quod
872 754 986 799 poeta
1015 744 1161 784 addidit
1195 746 1263 785 ὑπὸ
1292 750 1460 798 στεροπᾶς
1487 752 1547 797 φλ.

454 820 578 870 Θρηΐκ.
598 821 684 865 Βορ.
742 815 837 853 Nam
860 816 925 868 qui
948 814 1031 853 sine
1054 814 1274 868 fulguribus
1294 815 1444 870 ingruit
1460 825 1548 855 tur-

455 886 533 936 bo,
563 886 674 924 citius
701 885 893 933 desaevit⁷
923 884 992 922 cfr.
1020 884 1140 936 Soph.
1170 884 1232 936 Aj.
1259 888 1351 923 250.
1408 884 1550 924 Omnia

451 956 492 994 in
521 954 660 993 amoris
692 953 986 991 continuitatem
1015 953 1238 1006 conspirare
1264 953 1384 992 vides.

246 1053 296 1060 --
324 1043 361 1081 p.
395 1029 458 1065 89.
487 1024 577 1063 Non
608 1022 790 1061 debebam
815 1021 1011 1075 negligere
1040 1036 1135 1073 quae
1164 1029 1381 1074 sequuntur
1404 1021 1444 1059 in
1471 1022 1548 1061 Le-

454 1093 541 1132 xico
578 1099 654 1142 περὶ
686 1108 806 1141 πνευμ.
875 1091 986 1139 Quae
1028 1090 1122 1129 haec
1159 1099 1269 1130 sunt:
1309 1098 1368 1129 καὶ
1395 1093 1439 1130 σύ
1462 1094 1549 1140 γοῦν

450 1164 578 1202 ὃάσυιιε
602 1165 733 1210 μᾶλλον
762 1161 858 1199 αὐτό.
887 1166 921 1198 οἱ
949 1163 987 1198 δὲ
1013 1163 1188 1208 ψιλοῦντες
1215 1160 1302 1199 κατὰ
1326 1163 1550 1210 ἐτυμολογίαν

451 1236 631 1282 φιλοῦσα),
669 1231 716 1275 ὥς
743 1235 779 1269 ἐκ
808 1233 867 1276 τῆς
898 1233 979 1279 {spag-
1007 1231 1189 1278 φυόμενον.
1218 1254 1271 1261 -
1335 1229 1396 1268 De
1424 1229 1546 1270 verbo

449 1305 570 1341 θαλέω
598 1316 634 1339 v.
663 1300 780 1355 llgen.
809 1298 849 1336 in
871 1299 985 1337 Hom.
1008 1296 1141 1353 hymn.
1166 1299 1256 1337 Pan.
1276 1300 1357 1349 21.,
1386 1300 1544 1340 Passov.

450 1372 496 1410 ad
520 1370 700 1410 Parthen.
728 1384 764 1421 p.
795 1373 857 1407 62.

241 1468 294 1474 --
323 1458 358 1497 p.
393 1445 480 1481 121.
508 1441 622 1480 Nune
642 1439 795 1478 demum
814 1435 1050 1475 Herodianei
1072 1435 1192 1475 libelli
1210 1436 1427 1489 exemplum
1443 1438 1546 1478 Din-

451 1510 668 1550 dorfianum
696 1508 736 1546 iu
763 1521 898 1545 manus
928 1520 1029 1544 meas
1059 1505 1167 1544 venit
1194 1504 1432 1558 inopinanti,
1462 1508 1544 1547 edi-

448 1587 532 1619 tum
569 1579 671 1632 Lips.
706 1581 819 1617 1825.
849 1581 885 1615 8.
927 1590 1015 1615 cum
1042 1575 1204 1613 Joannis
1244 1575 1414 1614 Gramm.
1445 1591 1544 1630 opu-

449 1649 537 1689 culo
566 1649 612 1687 de
641 1646 870 1686 accentibus.
938 1644 1152 1697 Usurpavit
1179 1643 1408 1684 Dindorfius
1437 1647 1544 1686 codi-

448 1733 530 1759 cem
561 1717 809 1756 Hafniensem
836 1713 986 1768 regium
1020 1715 1134 1751 1965.
1191 1713 1225 1751 Is
1249 1716 1370 1763 Ῑβυκὸς
1396 1716 1543 1755 scribit.

450 1792 493 1829 In
524 1786 636 1840 frgm.
658 1787 757 1824 VIII.
782 1797 854 1838 pro
877 1786 986 1833 τᾶμος
1014 1781 1169 1821 exhibet
1187 1784 1314 1831 ταμός,
1342 1798 1414 1836 pro
1434 1786 1544 1833 ἀηδό-

446 1873 507 1901 νας
534 1869 629 1896 vero
656 1856 823 1898 ἀειδονάς.
877 1852 1057 1892 Retinuit
1085 1851 1264 1890 Dindorf.
1296 1852 1437 1898 ἄϋπνος.

238 1950 292 1956 --
319 1941 356 1980 p.
386 1928 474 1966 134.
504 1925 653 1979 Fragm.
684 1925 768 1962 XV.
799 1937 856 1975 ap.
884 1922 1063 1961 Dindorf.
1089 1936 1125 1975 p.
1155 1926 1221 1971 80,
1252 1924 1302 1960 33
1332 1938 1414 1974 sqq.
1444 1922 1542 1962 scri-

444 2001 555 2047 ptum
588 2001 667 2032 est:
696 1994 919 2042 γλαυκώπιδα
948 1993 1163 2042 κασάνὸραιι,
1191 1993 1467 2043 ἐρασιπλόκομον
1482 1992 1543 2031 κό-

445 2079 509 2114 ραν
533 2065 710 2115 πριάμοιο,
741 2066 848 2112 φῆμις
876 2067 977 2108 ἔχησι
997 2064 1137 2111 βροτῶν.
1196 2059 1293 2099 Cod.
1320 2059 1542 2099 Hafniensis

447 2132 740 2186 corruptissime
760 2131 927 2184 quidem,
950 2138 987 2169 at
1006 2129 1286 2183 pulcherrime:
1316 2130 1420 2168 λευκοὶ
1441 2132 1542 2167 πίδα-

445 2218 510 2247 κας
531 2204 759 2254 οἷνδραιέραω
778 2202 955 2249 πλόκαμον
972 2201 1086 2249 κόρην.
1117 2201 1282 2250 πριάμου.
1323 2197 1542 2237 Priora'in-

445 2270 585 2310 fficium
610 2271 792 2310 videntur
823 2283 907 2309 esse
929 2268 1140 2320 scripturae
1174 2269 1387 2311 λευκώπιδα,
1425 2267 1543 2322 longe

444 2339 548 2378 illius
578 2340 861 2393 posthabendae
888 2337 1045 2377 lectioni
1075 2344 1260 2389 receptae.
1326 2336 1443 2376 Solus
1473 2350 1541 2374 au-

443 2416 522 2448 tem
552 2410 802 2449 certissimam
828 2407 1131 2447 emendationem
1158 2400 1364 2445 Yilloisoni
1392 2407 1542 2444 κασυάν-

444 2482 530 2530 δραι)
558 2479 727 2518 servavit
750 2477 939 2517 illibatam.
999 2481 1111 2525 Φῆμις
1138 2490 1194 2528 ap.
1222 2474 1402 2515 Dindorf.
1431 2488 1544 2513 error

445 2555 505 2587 est
531 2549 780 2604 typothetae,
811 2548 893 2586 cod.
924 2547 1036 2585 Hafa.
1068 2549 1200 2594 φαμῆς.

241 2639 293 2646 -
322 2630 358 2669 p.
393 2620 480 2656 159.
512 2627 592 2657 not.
622 2621 685 2659 44.
728 2615 824 2657 Cod.
856 2615 1073 2654 Hasniensis
1105 2616 1216 2653 ὠκέων
1243 2615 1450 2663 dulnch-copes
1478 2625 1539 2649 re-
