1677 3059
519 175 957 224 —183-

85 317 247 364 Contra
279 314 553 362 Welckerus
590 313 755 377 Trilog.·
795 313 954 365 Aesch.
974 333 1016 380 p.
1051 315 1155 364 178.
1191 316 1245 363 ab
1280 318 1391 366 Her-

83 395 176 444 cule
211 395 384 463 dactylo
429 395 635 443 Eleorum
669 395 713 441 in
749 392 1011 441 Thebanum
1059 395 1235 443 heroem
1272 398 1387 446 deri-

80 487 176 523 vata
209 477 379 524 censuit
413 487 452 523 et
477 475 532 522 ad
567 486 700 522 artem
731 475 1046 541 gymnasticam
1070 488 1266 542 spectare
1292 498 1382 527 cre-

80 555 181 603 dita.
266 555 411 618 Quam
452 555 661 603 rationem
705 556 859 601 merito
903 556 1154 621 reprobavit
1193 560 1380 608 Lobeck.

76 636 294 703 Aglaoph.
318 638 372 695 II,
407 656 448 703 p.
475 636 612 684 1168.
680 636 769 683 Res
805 635 911 682 haec
947 648 1020 683 est.
1092 637 1243 700 Quum
1270 642 1379 688 Her-

77 716 193 764 cules
229 716 484 764 athletarum
517 733 693 780 praeses
728 713 965 773 coleretur,
1005 736 1116 781 quos
1143 739 1248 767 usos
1275 741 1377 768 con-

74 808 156 844 stat
186 796 354 844 balneis
389 795 540 842 calidis
574 806 675 860 post
709 795 942 842 certamina
975 797 1030 843 ad
1066 798 1181 845 fessa
1216 801 1377 848 sudore

71 878 267 925 membra
299 875 568 941 reparanda,
602 875 763 922 factum
800 887 886 933 est,
937 890 981 924 ut
1017 882 1170 941 θερμοὶ
1202 885 1375 943 λουτρὰ

70 969 111 1005 et
138 959 235 1023 ipsa
264 956 328 1004 vel
360 957 574 1020 originem
606 956 661 1003 ab
696 974 746 1003 eo
770 968 896 1004 nacta
925 958 990 1005 vel
1023 959 1076 1005 ab
1108 977 1158 1006 eo
1183 961 1372 1026 primum

66 1048 277 1104 usurpata
307 1049 588 1103 putaremur,
625 1037 701 1084 cfr.
727 1036 907 1084 Hcffter.
945 1039 999 1086 (le
1025 1039 1142 1086 cultu
1172 1040 1371 1087 Rhodio-

66 1137 162 1165 rum
197 1119 232 1176 I,
266 1137 308 1184 p.
340 1120 397 1166 15
426 1137 521 1183 sqq.
596 1120 707 1166 Rem
740 1117 784 1163 in
821 1118 957 1166 risum
993 1120 1270 1166 detorserunt
1306 1121 1369 1167 fa-

65 1199 269 1247 bularum
293 1200 581 1267 satyricarum
604 1209 826 1256 auctores,
865 1201 939 1264 qui
963 1200 1191 1247 Herculem
1228 1203 1367 1248 omni-

63 1300 137 1328 um
171 1280 354 1328 heroum
387 1281 571 1327 maxime
604 1278 669 1326 vel
694 1279 751 1325 ob
774 1281 1049 1327 voracitatem
1072 1280 1135 1328 vel
1164 1281 1221 1328 ob
1256 1282 1364 1329 mol-

61 1362 195 1409 litiem
237 1361 426 1409 cavillari
461 1372 755 1408 consuessent.
841 1360 967 1421 Quae
1003 1379 1156 1408 caussa
1192 1363 1363 1421 exstitit,

60 1454 111 1490 ut
142 1442 281 1490 calida
318 1441 486 1489 lavacra
517 1441 711 1488 mollium
746 1439 998 1499 hominum,
1036 1442 1090 1488 de
1127 1444 1289 1507 quibus
1323 1463 1358 1490 v.

62 1524 298 1587 Goettling.
335 1523 436 1569 Hes.
474 1521 590 1587 Opp.
616 1525 748 1578 753.‚
787 1520 842 1567 ab
879 1520 1010 1569 heroe
1045 1522 1258 1570 Thebano
1291 1524 1359 1570 in-

57 1605 204 1653 stituta
237 1602 480 1668 crebraque
512 1603 795 1668 usurpatione
820 1603 1120 1649 commendata
1143 1604 1357 1651 existima-

53 1696 217 1733 rentur.
