1677 3059
527 246 592 256 —.
716 217 779 265 47
901 245 965 254 -.

90 359 194 407 tavit
225 352 420 416 Neuius,
458 358 625 406 etiamsi
659 358 718 406 ita
753 357 957 423 expedire
989 357 1133 423 possis
1165 357 1293 420 srgm.
1320 360 1358 405 V
1361 360 1394 416 1,

90 452 139 489 ut
174 438 418 488 Scholiasta
453 438 614 487 similes
641 439 877 503 scriptores
904 438 1144 485 sociaverit.
1204 438 1295 486 Sed
1314 440 1393 487 mi-

89 539 188 568 rum
222 538 319 569 esse
355 521 501 579 addit,
528 510 773 584 'utrumque
794 519 949 566 referri
980 537 1216 584 usurpasse
1237 522 1393 584 χάρμη

88 619 203 647 novo
231 601 503 665 significatu,
538 613 772 666 utrumque
800 605 1029 663 πηνέλοψ,
1063 607 1396 667 Quam-lxta&

87 681 275 740 mirum,
322 683 540 730 neminem
575 683 702 746 frgm.
736 680 840 727 XIV
878 678 1063 746 Ibycum
1099 692 1139 728 et
1173 682 1394 731 Stesicho-

89 780 188 809 rum
222 762 479 827 conjunctos
515 763 697 820 afferre;
744 780 826 810 nec
857 759 948 807 leve
979 778 1098 818 esse,
1149 761 1394 811 dubitatum

89 843 146 890 de
187 854 363 891 auctore
402 845 497 891 τῶν
524 843 711 892 Ἄθλων.
805 843 871 889 Ex
913 841 1076 906 quibus
1115 860 1206 890 non
1245 845 1395 893 reticet

87 934 232 970 natam
264 923 352 970 sibi
374 923 695 988 suspicionem,
732 922 1052 970 Grammaticos
1082 923 1274 971 carmina
1299 925 1394 974 sine

86 1006 240 1053 notitia
283 1004 474 1052 auctoris
516 1005 772 1051 transmissa
815 1005 942 1051 certis
986 1005 1239 1052 auctoribus
1284 1008 1394 1054 assi-

86 1104 246 1149 gnasse
280 1085 335 1133 de
361 1103 469 1142 suo,
504 1103 595 1133 non
623 1085 920 1132 discernentes
945 1096 1068 1132 acute
1091 1086 1204 1133 inter
1225 1098 1394 1135 utrum-

87 1184 173 1229 que
215 1177 402 1232 poetam.
488 1166 541 1213 Id
575 1166 612 1214 si
658 1185 808 1214 verum
844 1184 938 1212 esse
971 1166 1260 1231 reperiretur,
1312 1187 1393 1217 nec

85 1257 260 1294 nostrae
296 1247 445 1294 aetatis
469 1249 620 1296 critico
655 1248 779 1296 nefas
805 1265 924 1305 csse,
960 1247 1152 1295 carmina
1175 1266 1392 1316 anonyma

86 1324 143 1373 ad
189 1337 329 1374 certos
378 1328 632 1377 adscribere
677 1340 898 1386 auctorcS‚
958 1340 1007 1375 ut
1043 1329 1148 1376 haec
1194 1333 1390 1395 quaestio

84 1405 332 1455 ventilanda
368 1421 410 1458 et
451 1410 496 1457 in
532 1428 683 1457 omnes
723 1421 868 1475 partes
904 1421 1103 1458 accurate
1137 1413 1392 1460 excutienda

83 1486 316 1536 videretur.

214 1570 486 1617 Instituimus
523 1572 837 1636 quaestionem,
873 1582 920 1618 ut
955 1583 1046 1618 erat
1070 1570 1204 1619 oflicii
1227 1574 1387 1620 nostri:

84 1667 174 1714 quo
200 1650 369 1698 Neuius
403 1652 568 1710 tendit,
603 1651 734 1700 nobis
769 1672 859 1700 non
893 1651 1269 1718 progrediendum
1294 1671 1389 1699 esse

80 1731 164 1779 rati
199 1750 363 1779 sumus.
424 1734 611 1780 Rariora
638 1733 851 1780 vocabula
873 1751 1113 1799 usurpasse
1137 1744 1388 1798 utrumque,

80 1812 241 1860 mirum
273 1812 406 1860 nobis
438 1832 527 1860 non
564 1814 745 1872 accidit,
790 1815 865 1880 qui
903 1815 1208 1877 cognationem
1238 1825 1387 1879 poeta-

79 1911 178 1940 rum
211 1894 554 1958 respiceremus:
596 1894 836 1942 Stesichori
869 1895 1134 1942 mentionem
1156 1912 1387 1959 perperam

78 1972 237 2020 illatam
272 1974 562 2038 judicavimus
598 1977 642 2023 in
675 1994 726 2022 eo
758 1975 1028 2039 fragmento,
1087 1973 1209 2039 quod
1243 1992 1386 2039 neque

78 2052 278 2102 Kleinius
312 2057 453 2120 tetigit
485 2074 630 2123 neque
662 2055 853 2105 Neuius:
890 2075 969 2104 cur
1002 2057 1128 2120 srgm.
1153 2055 1258 2102 XIV
1289 2053 1386 2101 Ste-

78 2133 301 2182 sichorum
335 2146 377 2183 et
421 2135 608 2204 Ibycum
643 2137 900 2202 conjunctos
947 2155 1038 2184 non
1082 2135 1386 2201 deprehende-

77 2231 249 2272 remuS‚
294 2215 388 2279 ejus
426 2217 491 2264 rei
528 2217 743 2284 explicare
776 2217 1025 2264 studuimus
1060 2216 1295 2272 rationen13
1340 2216 1386 2262 in

77 2294 206 2357 frgm.
242 2295 390 2342 XXIII
425 2296 614 2363 denique
650 2298 968 2346 dubitationem
1000 2296 1118 2345 illam
1155 2297 1385 2344 Gramma-

75 2373 261 2422 ticorum
303 2375 591 2441 probabiliter
629 2390 738 2444 puto
778 2379 1046 2426 diremimus.
1138 2376 1227 2424 Alii
1264 2375 1386 2423 aliter

74 2453 354 2518 judicabant:
410 2475 491 2503 nos
526 2469 676 2505 nostra
708 2471 822 2508 certe
859 2480 884 2507 a
917 2457 1228 2526 probabilitate
1266 2475 1384 2504 com-

74 2534 273 2581 mendari
307 2535 614 2584 existimamus.
656 2567 716 2576 ——

202 2613 331 2677 Quae
353 2616 546 2664 carmina
568 2615 694 2684 Ibyci
717 2618 775 2667 ad
797 2620 1165 2669 Stesichoriorum
1184 2636 1383 2668 normam
