1677 3059
559 192 621 200 —
746 176 809 211 vn
934 194 997 201 —-

124 305 280 353 studiis
315 305 477 352 nostris
510 316 779 370 spectamus,
815 315 862 350 ut
900 304 1094 351 Graecae
1126 305 1316 350 nationis
1349 307 1428 354 hu-

125 392 308 439 manitas
355 391 517 457 quibus
561 391 872 456 progressibus
910 391 1091 440 creverit
1137 401 1177 437 et
1214 410 1300 455 qua
1335 390 1430 454 lege

126 478 289 526 exculta
333 480 390 527 sit
430 479 657 543 variasque
689 478 882 525 induerit
916 479 1103 535 formas,
1150 478 1429 541 intelligatur,

110 565 314 631 'denique
350 579 417 623 ut,
462 566 506 612 in
540 564 702 612 alienos
739 565 907 611 animos
949 578 1155 630 tanquam
1192 566 1237 611 in
1273 582 1430 630 specu-

125 651 211 700 lum
258 653 498 710 intuentes,
553 652 690 699 nostri
736 652 933 717 ipsorum
982 653 1112 697 animi
1149 663 1348 698 naturam
1389 662 1428 697 et

125 739 230 786 lines
274 739 464 805 penitius
506 738 886 803 introspiciamuS,
943 738 1126 803 propius
1162 738 1247 784 iam
1285 736 1428 784 aberi-

122 845 229 873 mus.
296 826 391 872 Hoc
426 837 567 872 autem
605 824 679 889 qui
715 824 872 871 studiis
907 824 992 871 illis
1028 843 1115 871 non
1153 823 1425 889 aliquatenus

120 912 334 969 effecerit,
367 912 404 958 is
440 930 508 958 me
544 911 688 958 iudice
724 910 830 957 nihil
868 911 1072 958 effecerit.

248 999 341 1056 Tu,
389 999 447 1046 mi
478 998 945 1054 Schneidewine,
1003 1000 1044 1044 in
1089 998 1225 1064 lbyco
1261 1009 1335 1044 tuo
1380 999 1426 1046 id

118 1096 231 1132 certe
264 1085 350 1132 iam
390 1097 614 1133 assecutus
652 1104 720 1143 es,
773 1096 820 1131 ut
860 1104 987 1150 quem
1026 1085 1167 1132 locum
1202 1085 1272 1132 hie
1312 1085 1426 1131 inter

119 1173 310 1219 Graecos
357 1183 507 1237 poetas
544 1184 711 1229 teneat,
771 1183 811 1219 et
853 1171 1015 1237 quibus
1052 1172 1283 1218 virtutibus
1329 1172 1422 1218 eius

116 1259 262 1324 poesis
287 1258 531 1316 emicuerit,
566 1259 700 1306 multo
725 1259 879 1306 melius
903 1258 1083 1321 intelligi
1107 1260 1260 1325 possit,
1292 1279 1422 1324 quam

115 1345 260 1393 adhuc
315 1345 577 1392 intellectum
633 1346 786 1393 fuerat.
882 1347 948 1394 Ac
998 1346 1189 1412 primum
1243 1346 1421 1411 quidem

114 1451 279 1490 omnes,
314 1444 436 1498 puto,
472 1432 738 1490 laudabunt,
778 1434 898 1498 quod
923 1434 1151 1500 Ibycum
1184 1453 1280 1480 cnm
1305 1433 1418 1480 Ste-

112 1519 342 1568 sichoro
378 1519 436 1566 ita
464 1520 750 1576 coniunxisti,
784 1532 830 1566 ut
859 1520 938 1567 hos
965 1540 1094 1567 unam
1123 1521 1285 1585 lyricae
1311 1540 1417 1586 poe-

111 1625 208 1654 seos
249 1618 408 1654 sectam
454 1607 496 1652 in
543 1607 708 1669 Magna
743 1606 926 1653 Graecia
974 1606 1197 1654 florentem
1244 1620 1416 1655 secutos

110 1712 204 1741 esse
233 1704 453 1758 appareat,
488 1692 601 1740 sicut
637 1692 885 1739 Simonides
915 1704 954 1739 et
980 1694 1274 1758 Bacchylides
1301 1696 1415 1741 eius-

110 1781 206 1827 dem
244 1781 354 1826 Ceae
390 1778 646 1843 disciplinae
674 1779 836 1826 alumni
869 1792 982 1827 sunt.
1053 1781 1194 1828 Etiam
1227 1782 1310 1829 hoc
1334 1783 1414 1829 tibi

108 1867 320 1923 assentio,
366 1865 476 1912 hanc
511 1865 684 1912 illorum
719 1873 948 1932 poetarum
986 1870 1288 1932 cognationem
1321 1870 1414 1934 pri-

106 1955 286 2002 mariam
331 1954 468 2000 fuisse
516 1971 739 2012 caussam,
799 1966 847 2001 ut
880 1956 1162 2020 exquisitiora
1198 1955 1414 2021 quaedam

105 2041 237 2089 verba
272 2052 311 2088 et
335 2041 551 2087 rariorum
579 2040 827 2088 fabularum
859 2043 1020 2088 mentio
1058 2062 1081 2089 a
1118 2043 1411 2106 grammaticis

104 2127 285 2174 testibus
330 2127 462 2174 modo
507 2128 783 2186 Stesichoro,
844 2129 976 2176 modo
1011 2129 1148 2196 Ibyco
1186 2131 1410 2178 adscribe-

103 2224 277 2260 rentur:
315 2214 477 2279 quippe
505 2233 615 2280 quae
644 2216 762 2281 aliud
788 2228 1021 2280 utrumque
1046 2217 1218 2264 inventa
1252 2227 1406 2263 essent.

105 2301 368 2363 Quanquam
409 2313 591 2367 propter
636 2303 747 2352 lianc
795 2304 933 2369 ipsam
973 2323 1122 2350 corum
1160 2301 1408 2350 similitudi-

102 2404 199 2433 nem
245 2386 371 2432 etiam
413 2388 658 2436 dubitatum
695 2409 788 2438 esse
836 2391 1006 2437 videtur
1048 2392 1101 2438 de
1139 2388 1405 2437 carminibus

100 2472 337 2531 nonnullis,
363 2474 542 2541 lhycine
566 2489 705 2524 essent
731 2498 783 2524 an
802 2478 1055 2533 Stesichori,
1083 2496 1170 2541 quo
1196 2475 1290 2522 sieri
1306 2485 1403 2541 pot-

100 2570 214 2617 erat,
249 2571 297 2608 ut
323 2574 577 2624 argumenta
612 2575 652 2610 et
676 2565 830 2620 verba,
866 2583 976 2628 quac
1004 2563 1135 2614 semel
1163 2574 1330 2610 tantum
1357 2562 1403 2608 in
