1677 3059
714 255 777 264 —
893 225 986 273 180
1092 254 1157 261 -—

282 367 419 415 minat
452 365 584 413 filiam
621 365 791 412 Briarei
824 367 908 412 τοῦ
941 367 1117 428 δεινοῦ,
1156 376 1204 411 ut
1232 364 1494 415 horrendam
1530 381 1592 417 at-

285 465 370 511 que
390 445 524 492 virilis
548 445 680 492 animi
705 445 934 502 feminam,
968 465 1003 491 v.
1028 444 1260 492 W'elcker.
1287 447 1343 493 ad
1365 447 1592 500 Schwenk.

284 546 326 592 p.
361 526 497 583 310.‚
534 525 699 588 Trilog.
733 525 892 576 Aesch.
929 546 971 593 p.
1003 527 1107 574 148.

707 674 783 719 Fr
801 693 825 721 a
845 693 874 738 g
893 694 949 725 m.
1013 676 1174 721 XXIX.

417 770 559 836 Etym.
595 768 658 817 M.
692 788 735 834 p.
769 772 879 829 428,
914 772 989 819 28.
1024 771 1146 839 Sylb.

346 852 542 900 Ἢλσατο
564 852 682 913 βοῦς.
747 850 788 899 ²¹1
793 858 819 915 β
830 869 857 898 υ
871 871 899 899 κ
911 872 934 899 ο
946 870 967 903 ς
986 855 1115 915 παρὰ
1134 854 1187 899 τὸ
1208 853 1437 910 ἠλάσατο.

389 1007 557 1068 Abegit
592 1004 732 1049 boves.
801 1000 1060 1047 Rettulerim
1097 1002 1152 1049 ad
1198 1002 1332 1050 boves
1376 1002 1597 1069 Geryonis

291 1089 347 1136 ab
389 1084 577 1134 Hercule
615 1082 806 1129 abactos.
878 1082 965 1128 Cfr.
1003 1081 1205 1145 Prolegg.
1242 1102 1284 1148 p.
1318 1085 1394 1132 56.
1472 1082 1602 1129 Nulla

293 1180 436 1216 autem
473 1184 627 1213 caussa
661 1163 742 1209 fuit
774 1163 986 1209 Passovio
1016 1162 1094 1209 lex.
1127 1182 1159 1209 s.
1196 1184 1262 1222 v.‚
1303 1176 1352 1210 ut
1385 1163 1442 1210 ad
1475 1168 1602 1211 εἴλειν

291 1249 534 1303 reduceret,
570 1245 696 1310 cujus
718 1244 973 1290 inusitatum
1000 1243 1209 1301 medium,
1246 1256 1492 1310 contempta
1513 1245 1602 1293 fide

293 1327 603 1384 Grammatici,
649 1345 684 1372 v.
720 1323 923 1387 Prolegg.
969 1343 1011 1389 p.
1051 1327 1126 1374 70.
1207 1325 1390 1372 Fallitur
1425 1326 1601 1373 Passov⁸

295 1423 337 1459 et
368 1411 413 1457 in
440 1429 490 1457 eo
507 1447 518 1466 ‚
555 1406 675 1472 quod
699 1406 883 1473 Ibycum
909 1416 948 1451 et
970 1405 1242 1453 Simonidem
1266 1409 1475 1464 ῆλσόμην
1495 1406 1600 1453 Aor.

292 1492 334 1537 ΙΙ
368 1490 597 1555 scripsisse
635 1488 773 1534 docet.
858 1486 997 1551 Apud
1033 1506 1162 1552 quem
1199 1499 1240 1535 et
1282 1488 1425 1553 ipsum
1461 1488 1603 1535 forma

292 1574 510 1630 ἠλσάμην
542 1569 701 1632 legitur
733 1567 1006 1615 Simonidem
1051 1568 1096 1614 in
1131 1569 1198 1615 Et.
1235 1569 1297 1618 M.
1334 1588 1375 1634 p.
1403 1570 1510 1627 634,
1541 1571 1600 1627 6.,

294 1650 515 1718 praeclara
553 1649 855 1696 emendatione
889 1649 1139 1695 Buttmann.
1171 1650 1304 1696 Lexil.
1332 1649 1386 1707 II,
1420 1668 1462 1715 p.
1494 1650 1599 1702 147.

296 1731 507 1790 correxit,
542 1731 612 1778 cui
646 1729 848 1797 Ibycium
882 1748 972 1775 non
1006 1729 1089 1776 fuit
1123 1729 1326 1777 offensui.

724 1878 760 1924 F
776 1896 798 1924 r
816 1896 839 1924 a
858 1896 887 1941 g
906 1896 962 1924 m.
1021 1880 1161 1926 XXX.

426 1975 589 2025 Scholl.
623 1974 757 2022 Arist.
794 1973 944 2023 Nubb.
985 1975 1123 2021 1052.

390 2055 498 2120 Ἴβυ
513 2057 606 2107 κός
626 2074 758 2118 φησι,
789 2056 871 2102 τὸν
885 2058 1135 2114 Ἥφαιστον
1156 2058 1279 2102 κατὰ
1297 2057 1472 2117 δωρεὰν
1488 2060 1603 2102 (ἐνα-

296 2140 457 2184 δοῧναι
488 2141 699 2199 Ἠρακλεῖ
717 2139 893 2197 λουτρὰ
922 2139 1107 2198 θερμῶν
1141 2140 1339 2184 ὑδάτων.
1374 2139 1421 2186 ἐξ
1450 2125 1513 2182 εἶν
1543 2137 1605 2182 τὰ

296 2221 450 2280 θερμὰ
484 2225 595 2269 τινὲς
629 2237 769 2278 φασιν
804 2219 1041 2278 Ἡράκλειοι
1075 2224 1305 2277 λέγεσθαι.
1359 2221 1402 2263 οἱ
1433 2221 1481 2262 δέ
1513 2234 1604 2275 φα-

298 2317 368 2345 σιν
380 2335 397 2363 ,
447 2301 519 2346 ὅτι
551 2303 618 2362 τῷ
652 2303 858 2361 Ἡρακλεῖ
885 2300 1141 2358 μογήσαντι
1188 2301 1217 2353 γἡ
1251 2299 1424 2354 Ἀθηνᾶ
1451 2298 1607 2359 θερμοὶ

296 2382 470 2441 λουτρὰ
502 2383 717 2438 ἐξανῆκεν
727 2416 745 2444 ,
780 2381 838 2430 (ὃς
866 2385 1162 2440 Πείσανδρος·

359 2463 424 2523 τῷ
447 2466 487 2507 δ’
519 2466 565 2507 ἐν
591 2461 910 2522 Θερμοπύλῃσι
939 2463 1032 2506 θεά
1064 2461 1330 2520 γλαυκῶπις
1352 2460 1521 2516 Ἀθήνη

356 2548 471 2587 ποίει
491 2544 646 2604 θερμοὶ
669 2542 835 2602 λοετρὰ
855 2543 983 2602 παρὰ
1013 2548 1195 2602 ῥηγμῖνι
1215 2540 1470 2595 θαλάσσης.

291 2621 403 2667 Iline
446 2623 645 2688 Apostol.
691 2623 778 2679 IX,
825 2623 898 2669 95.
945 2640 1043 2667 cum
1089 2637 1239 2683 coque.
1288 2620 1442 2666 Arsen.
1487 2617 1598 2664 Viol.
