1677 3059
566 222 628 230 —
737 195 830 241 201
947 225 1010 234 —-

140 327 183 384 {i
216 335 481 398 διφθὸγγου
514 338 572 387 εἰς
612 338 669 400 ἢ,
728 334 787 385 ὥς
830 351 971 396 φησιν
1008 338 1276 398 Ἡρωδιανὸς
1305 343 1353 386 ἐν
1384 344 1446 402 τῇ

141 418 366 464 καθόλου.
432 419 804 466 Domesticorum
836 419 1034 464 canz'um.
1115 417 1203 465 Cfr.
1245 419 1442 470 Eustath.

139 497 188 546 Il.
219 517 261 564 p.
298 500 437 557 1257,
470 501 572 555 23.;
617 497 762 561 Etym.
801 498 920 548 Gud.
954 518 997 565 p.
1029 499 1140 557 534,
1171 500 1272 557 43.;
1318 501 1444 551 Suid.

141 596 174 625 s.
206 599 243 625 v.
287 581 501 642 τράπεζα.
588 579 832 640 Οἰκουρούς
876 580 1060 645 explicat
1101 581 1291 649 Hesych.
1338 602 1372 631 s.
1406 603 1445 631 v.

140 658 272 708 Nolui
318 671 461 708 autem
508 658 723 708 solicitare
770 659 891 724 quod
926 672 990 708 est
1033 680 1100 728 ap.
1150 662 1358 730 Sylburg.
1405 677 1449 714 et

140 739 231 787 rell.
267 743 435 804 κυνᾶν,
471 759 559 805 quo
581 740 628 787 in
650 744 798 789 κυνῶν
822 754 987 790 mutato
1014 743 1238 791 videamus
1261 764 1316 793 ne
1340 765 1446 811 poe-

141 831 229 868 tam
262 821 409 887 potius
445 821 716 884 corrigamus
753 840 884 887 quam
919 823 1136 871 librarios.
1204 826 1316 872 Nam
1348 826 1449 876 licet

139 901 349 968 pleraque
385 918 497 966 quae
533 900 603 949 hic
638 904 881 951 revocanda
915 904 1168 952 viderentur
1208 906 1450 955 certissima

140 982 442 1030 emendatione
476 981 649 1029 sublata
683 984 792 1041 sint,
830 1002 880 1030 ex
907 984 1043 1030 nimio
1077 984 1272 1034 Dorismi
1300 988 1448 1036 studio

139 1063 360 1128 profecta,
397 1082 434 1110 v.
459 1063 643 1110 Porson.
680 1064 784 1111 Eur.
819 1065 921 1112 Hec.
954 1066 1116 1123 1053.‚
1153 1066 1374 1116 Schaefer.
1405 1089 1447 1136 p.

139 1144 244 1202 82,
290 1145 367 1192 ubi
395 1155 487 1191 erat
518 1148 747 1204 γυναικοῖν
778 1163 844 1210 ap.
878 1145 1004 1203 Ald.‚
1053 1157 1194 1194 tamen
1228 1148 1450 1196 collauda-

141 1243 238 1272 mus
269 1228 512 1273 cautionem
531 1226 784 1272 Buttmanni
817 1226 893 1273 Gr.
926 1227 1053 1292 ampl.
1078 1229 1110 1284 Ι,
1146 1247 1188 1294 p.
1216 1230 1321 1285 176,
1354 1230 1450 1277 Ad-

143 1305 273 1353 dend.
310 1326 352 1373 p.
378 1307 501 1365 400,
536 1308 611 1372 qui
646 1326 716 1373 ap.
753 1306 937 1354 Theocr.
968 1310 1022 1365 V,
1060 1310 1184 1366 143„
1223 1310 1338 1367 VIII,
1371 1312 1447 1359 49.

141 1387 336 1434 omnium
372 1388 463 1436 sere
499 1388 626 1436 codd.
663 1391 801 1450 αἰγᾶν
832 1407 923 1436 non
956 1399 1116 1436 temere
1149 1391 1451 1456 spernendum

143 1480 327 1515 censeat.
397 1470 559 1517 Omnia
591 1469 761 1535 respuit
793 1468 947 1516 Matth.
987 1469 1062 1515 Gr.
1093 1469 1169 1516 Gr.
1197 1471 1230 1528 Ι,
1254 1492 1296 1538 p.
1327 1475 1448 1534 166„

142 1560 369 1615 respuerat
385 1550 704 1616 Bentlej.Phal.
729 1569 770 1615 p.
794 1551 956 1597 XXLX.
992 1552 1083 1598 Nos
1108 1551 1167 1598 ita
1186 1552 1448 1617 judicamus.

143 1629 288 1693 Quem
309 1642 424 1679 recte
450 1633 611 1678 Buttm.
642 1650 833 1678 errorem
867 1642 1004 1688 vocat,
1041 1650 1091 1678 ex
1116 1649 1316 1682 sermone
1340 1655 1451 1702 quo-

140 1713 555 1761 tidianothominum
578 1713 1026 1769 πλατυστομούντων
1056 1723 1095 1758 et
1118 1731 1168 1760 ex
1191 1732 1274 1761 usu
1299 1715 1451 1765 dome-

142 1796 251 1843 stico
273 1806 424 1862 poetas
446 1795 589 1841 Dores
611 1792 782 1841 Siculos
807 1793 971 1850 infecit,
1006 1793 1204 1860 Ibycum,
1239 1795 1451 1845 Theocri-

142 1888 249 1934 tum,
281 1875 399 1923 unde
420 1875 486 1923 vel
515 1876 562 1922 in
587 1874 744 1922 choros
765 1873 1021 1939 Euripidios
1045 1893 1245 1923 manasse
1265 1876 1448 1926 videtur.

146 1956 272 2019 Quae
307 1957 519 2004 sententia
552 1955 737 2003 maxime
772 1953 1053 2002 confirmatur
1078 1973 1152 2013 eo,
1187 1956 1308 2021 quod
1337 1977 1451 2024 quae

144 2036 357 2084 vocabula
390 2039 448 2084 ἆν
480 2037 684 2085 ascivisse
716 2035 915 2082 videmus
951 2035 1146 2100 vulgaria
1174 2048 1277 2084 sunt
1307 2049 1346 2085 et
1371 2058 1452 2105 pa-

148 2128 315 2164 storum
359 2118 635 2182 potissimum
681 2115 886 2182 propria,
936 2119 1024 2163 τὸἔν
1069 2119 1236 2183 aiffa),
1295 2123 1450 2170 κυνᾶν.

148 2201 210 2247 Ut
243 2197 347 2246 Aldi
381 2199 596 2264 scriptura
629 2200 675 2246 in
711 2198 845 2246 choro
871 2196 1060 2243 Helenae
1083 2198 1187 2244 Eur.
1216 2200 1324 2248 378.
1358 2209 1452 2261 θη-

149 2281 235 2342 ρᾶν
282 2278 558 2328 festinantius
603 2300 626 2328 a
679 2279 884 2328 Brodaeo
931 2296 1028 2324 cum
1077 2278 1246 2342 vulgari
1290 2286 1453 2345 θηρῶν

149 2371 409 2408 commutata
442 2360 650 2409 videatur.
718 2363 806 2409 Pro
842 2359 977 2426 Ibyco
1010 2370 1152 2406 autem
1187 2379 1322 2425 quum
1359 2373 1399 2410 et
1425 2369 1455 2423 ῆ

147 2440 257 2488 illud
290 2441 336 2487 in
367 2445 654 2503 τραπεζητᾶν
686 2443 816 2490 nimis
841 2440 1053 2487 Doricum
1088 2440 1167 2498 sit,
1201 2439 1327 2489 facile
1357 2462 1452 2491 mo-

150 2542 278 2581 veor,
321 2533 371 2569 ut
400 2522 508 2569 haec
544 2523 679 2570 verba
712 2541 763 2570 ex
793 2520 982 2570 carmine
1016 2518 1220 2584 populari
1256 2531 1297 2567 et
1331 2525 1454 2588 quod

151 2605 375 2672 plebejum
407 2620 653 2651 sermonem
685 2604 926 2652 imitaretur
961 2611 1161 2665 excerpta
1194 2611 1356 2665 putem.
