1677 3059
705 223 768 232 —-
873 193 970 240 212
1077 220 1141 228 —

268 343 369 402 περί
428 339 567 387 θεοὺς
630 336 897 392 οἷμπλακών
949 334 1089 390 τιμὰν
1144 332 1258 395 πρὸς
1316 335 1582 397 ἀνθρώπων

268 425 469 479 ἀμεῖψαι.

395 497 533 563 Apud
556 495 808 554 Platonem,
841 494 959 543 unde
995 494 1184 541 relicuos
1220 511 1372 540 omnes
1396 511 1579 541 consen-

269 591 446 626 taneum
487 588 552 624 est
594 576 792 623 hortulos
828 595 932 624 suos
976 575 1212 638 irrigasse,
1273 573 1369 622 cod.
1405 573 1578 620 Monac.

270 661 381 709 407.
411 665 657 722 κατίβοκον
688 669 805 705 tenet
838 657 1045 721 idemque
1068 658 1233 714 miton:
1267 656 1314 702 in
1345 655 1476 716 παρὰ
1500 659 1581 698 θε-

270 750 336 793 οῖς
368 739 630 787 conveniunt
663 739 881 795 universi3
916 756 998 803 pro
1033 739 1298 794 ἀμπλακὼν
1327 733 1424 783 cod.
1461 732 1590 779 Clar-'

271 824 428 870 kianus
464 839 563 868 cum
596 826 633 866 Δ
655 819 763 867 HG
786 820 825 866 T
860 837 927 883 ap.
952 818 1088 864 Rekk.
1124 829 1166 865 et
1198 818 1373 863 Astium
1405 820 1584 878 ἀμβλω-

273 906 401 966 κών,·
440 920 523 967 pro
559 901 700 956 τιμὰν
731 918 824 946 non
866 897 1203 946 immemorabili
1246 898 1450 944 varietate
1486 894 1582 943 cod.

274 984 416 1031 Clark.
453 993 494 1029 et
524 981 646 1026 Mon.
683 979 791 1027 407.
827 981 966 1036 τιμᾶν
976 998 1001 1042 ,-
1033 979 1224 1042 denique
1259 977 1354 1024 cod.
1390 976 1586 1025 Vindob.

273 1065 316 1113 4.
353 1066 466 1126 πρὸς
493 1054 664 1112 ’ἇπῦςῖ
731 1058 870 1124 Apud
918 1058 1181 1126 Synesium,
1226 1077 1328 1105 nam
1361 1057 1586 1106 Plutarchi

275 1143 538 1209 exemplaria
572 1142 618 1189 in
653 1141 871 1206 scriptura
905 1139 990 1188 loci
1024 1141 1276 1206 conspirare
1307 1140 1512 1186 videntur
1538 1156 1587 1185 ea

276 1245 410 1291 quam
441 1222 878 1290 repraesentavinmS‚
916 1240 1052 1287 quum
1088 1223 1200 1270 duos
1229 1221 1357 1270 codd.
1383 1239 1465 1286 pro
1488 1222 1590 1282 περί

274 1309 390 1354 θεὸν
429 1305 592 1353 offerre
635 1306 767 1367 παρὰ
808 1306 922 1351 θεὸν
970 1304 1197 1351 didicisset
1234 1301 1497 1350 Boissonad.
1539 1302 1588 1348 in

274 1387 435 1436 Marin.
475 1385 547 1432 vit.
582 1384 724 1433 Procl.
761 1403 804 1450 p.
842 1385 942 1442 65.,
994 1387 1123 1445 παρὰ
1155 1386 1254 1449 θεῷ
1287 1404 1334 1431 se
1365 1384 1588 1450 praeferre

276 1466 560 1531 significavit,
610 1465 732 1532 quod
785 1476 996 1531 tanquam
1037 1483 1167 1512 suum
1208 1459 1357 1532 posuit
1399 1466 1494 1513 Ast.
1531 1464 1589 1511 ad

275 1549 384 1597 Plat.
427 1547 616 1596 Phaedr.
653 1547 688 1605 I,
724 1566 766 1613 p.
806 1549 913 1594 352.
1005 1547 1056 1592 In
1091 1546 1186 1594 cod.
1234 1548 1441 1595 Gudiano
1479 1547 1587 1605 104,

278 1631 355 1696 qui
389 1629 750 1678 membranaceus
777 1639 842 1675 est
873 1646 984 1675 saec.
1011 1628 1117 1674 XIII
1148 1628 1353 1694 scriptus,
1389 1628 1587 1696 repperi:

279 1717 466 1760 δέδοικα

276 1780 390 1837 μήτι
429 1780 533 1840 περὶ
562 1778 675 1824 θεὸν
708 1778 854 1833 (imm.
888 1775 1007 1833 rell.‚
1054 1775 1134 1822 sed
1164 1787 1212 1823 ut
1246 1778 1349 1838 περὶ
1376 1793 1460 1841 ope
1493 1792 1585 1822 ma-

277 1877 362 1905 nus
397 1857 617 1905 secundae
649 1875 807 1911 'erasae
841 1857 1051 1923 pristinae
1088 1857 1329 1923 scripturae
1364 1874 1588 1903 successe-

277 1940 358 1997 rit,
394 1957 526 2003 quam
555 1940 686 2000 παρὰ
718 1937 855 1985 fuisse
891 1936 1100 1985 credibile
1136 1948 1210 1983 est.
1280 1937 1330 1982 In
1357 1936 1450 2000 ejus
1472 1954 1588 1982 mar-

278 2021 380 2084 gine
428 2019 525 2068 cod.
573 2018 744 2066 Schol.:
796 2019 968 2082 Ἶβύκού
1010 2035 1128 2068 τινος
1174 2019 1398 2063 παλαιοῦ.
1464 2020 1587 2063 ἔστιν

278 2103 391 2164 πρὸς
424 2101 672 2162 ἱερωσύνην
710 2103 907 2165 συνᾷδον
948 2101 1000 2147 τὸ
1037 2099 1244 2161 Ἰβύκειον
1276 2101 1408 2145 τουτί
1440 2103 1587 2160 ρησεί-

279 2189 405 2246 διον,
465 2199 577 2245 quae
613 2182 704 2228 sere
741 2191 990 2244 congruunt
1031 2198 1129 2227 cum
1166 2178 1288 2224 Suid.
1325 2198 1361 2224 v.
1398 2184 1468 2241 Ιβ.
1505 2184 1585 2239 ῥη-

280 2270 455 2311 σείδιον.
537 2262 664 2325 Quae
694 2262 828 2309 verba
871 2260 1053 2326 joculari
1088 2259 1214 2325 lapsu
1245 2260 1304 2306 ita
1335 2270 1375 2306 εἰς
1411 2258 1483 2304 alii
1517 2258 1584 2304 in-

278 2344 501 2409 terpretati
534 2355 636 2390 sunt
667 2355 708 2391 et
741 2346 980 2391 Kusterus:
1026 2345 1126 2388 Hoc
1159 2351 1315 2388 antem
1348 2340 1485 2402 Ibyci
1515 2338 1585 2385 di-

279 2436 402 2472 ctum
428 2425 685 2472 sacerdotio
725 2435 830 2490 apte
864 2425 1096 2470 convenit!
1163 2421 1420 2469 Debcbant:
1455 2431 1584 2484 poeta

281 2505 385 2552 hacc
421 2506 535 2551 satus
583 2519 647 2553 est
677 2494 882 2570 religiose
923 2506 1067 2551 animo
1112 2512 1427 2566 congruenter,
1479 2517 1583 2546 con-

277 2586 376 2632 cinit
416 2586 498 2633 hoc
535 2587 699 2636 dictum
726 2607 823 2635 cum
848 2587 1008 2652 pietate
1030 2586 1074 2631 iu
1108 2584 1225 2631 deos.
1295 2581 1421 2629 Alius
1445 2578 1580 2629 schol.
