1677 3059
654 248 718 255 -.
843 219 907 266 46
1031 248 1096 256 -

222 363 320 411 nall.
345 362 369 409 l.
394 380 429 409 c.
457 378 498 426 p.
526 359 629 407 136.
662 389 727 398 —
792 359 889 405 Huc
925 357 1105 414 accedit,
1139 360 1259 422 quod
1292 363 1526 424 Argonau-

221 446 327 493 ticas
361 460 432 491 res
467 441 603 508 Ibyco
635 449 837 488 tractatas
869 437 1149 501 intelligimus
1183 457 1233 487 ex
1257 442 1382 504 srgm.
1404 444 1524 498 XXI,

222 527 279 576 ad
324 541 433 591 quas
478 522 696 588 pertinere
739 519 868 566 etiam
910 518 1038 581 frgm.
1075 516 1202 565 XXII
1247 522 1523 586 conjecimus.

218 609 313 657 Nisi
345 606 458 653 forte
489 613 530 651 et
561 601 668 650 haec
701 600 874 664 frgmm.
907 611 950 646 et
975 600 1123 646 XXIII
1153 600 1200 647 in
1231 601 1349 650 ludis
1380 603 1526 651 Peliae

218 690 458 738 infuerunt.

347 767 574 830 Quantum
607 773 833 829 praeterea
867 784 918 814 ex
948 763 1145 830 reliquiis
1168 762 1396 827 utriusque
1415 780 1522 827 poe-

217 864 286 900 tae
328 846 526 914 judicare
571 843 696 902 licet,
753 856 794 893 et
836 857 974 894 metra
1019 845 1260 893 carminum
1305 842 1524 890 simillima

217 934 420 986 fuerunt,
478 943 590 991 quae
624 927 856 974 maximam
899 938 1068 994 partem
1112 924 1328 992 dactylico
1372 937 1523 972 tenore

215 1012 451 1066 labuntur,
487 1018 528 1054 et
559 1005 710 1053 eadem
731 1006 822 1054 fere
845 1017 1102 1070 argumenta
1122 1007 1297 1071 utrique
1319 1017 1521 1063 tractata;

215 1093 427 1142 dialectus
470 1087 634 1135 Dorica
668 1087 888 1150 sapienter
919 1097 1158 1152 temperata
1198 1086 1373 1151 utrique
1404 1104 1522 1133 com-

214 1176 372 1225 munis.
464 1168 641 1232 Quibus
675 1167 810 1214 rebus
855 1166 1061 1215 omnibus
1098 1167 1304 1214 effectum
1337 1179 1424 1225 est,
1474 1179 1524 1214 ut

214 1256 450 1320 scriptores
476 1261 640 1297 veteres
663 1247 916 1312 frequenter
942 1258 1173 1313 utrumque
1197 1260 1519 1314 componerent.

213 1333 463 1385 Posteriore
495 1342 690 1394 tempore
724 1328 934 1376 credibile
969 1340 1079 1387 est,
1103 1328 1333 1394 utriusque
1366 1341 1522 1395 poetae

215 1433 349 1482 opera
381 1413 428 1458 in
462 1429 600 1458 unum
630 1409 833 1456 volumen
863 1428 958 1456 esse
992 1410 1263 1475 conscripta,
1309 1409 1431 1474 quod
1465 1409 1521 1456 de

213 1494 376 1546 Ananii
409 1504 449 1540 et
478 1490 768 1557 Hipponactis
799 1490 1091 1548 carminibus,
1124 1489 1178 1537 de
1211 1490 1374 1555 quibus
1400 1490 1521 1537 simi-

214 1578 275 1626 les
309 1573 604 1623 dubitationes
641 1572 826 1635 agitatae
859 1572 1085 1629 videntur,
1117 1590 1208 1618 non
1239 1571 1334 1619 sine
1365 1589 1521 1619 caussa

215 1657 463 1723 suspicatus
508 1664 573 1700 est
614 1652 846 1700 VVelcker.
892 1652 1025 1717 Hipp.
1069 1662 1110 1699 et
1141 1651 1284 1698 Anan.
1328 1671 1371 1717 p.
1409 1652 1514 1698 109.

215 1736 379 1786 Similis
417 1752 513 1782 sors
560 1732 800 1780 Simonidis
847 1744 889 1781 et
930 1732 1210 1799 Bacchylidis
1252 1732 1519 1780 carminibus

213 1818 427 1881 obtigisse
459 1814 654 1873 videtur,
689 1833 726 1861 v.
763 1833 799 1862 c.
832 1814 960 1878 frgm.
991 1814 1105 1862 LXI.
1138 1815 1261 1862 Neue
1303 1842 1363 1852 -—

341 1897 481 1945 Movit
520 1896 634 1942 hanc
680 1897 981 1960 quaestionem
1014 1895 1183 1960 primus
1228 1897 1422 1953 Neuius,
1469 1895 1517 1942 in

215 1996 400 2027 censura
423 1976 605 2024 Stesich.
630 1975 797 2033 Klein,
834 1975 1008 2022 Annall.
1033 1976 1191 2024 literar.
1221 1976 1517 2024 Berolinenss.

215 2060 367 2117 1829,
402 2077 467 2105 nr.
497 2059 574 2117 91,
608 2060 711 2115 92,
747 2075 789 2122 p.
820 2058 927 2104 731.
1004 2056 1244 2103 Stesichori
1276 2058 1392 2104 enim
1424 2056 1520 2104 edi-

212 2153 282 2188 tor
315 2139 445 2206 plane
478 2158 569 2187 non
601 2139 743 2203 attigit
778 2137 892 2184 hanc
926 2154 1041 2193 rem,
1077 2136 1162 2183 nisi
1198 2137 1319 2200 quod
1350 2157 1450 2204 pag.
1474 2140 1516 2186 6.

214 2221 271 2269 ad
306 2220 601 2268 definiendam
625 2218 863 2267 Stesichori
898 2227 1080 2265 aetatem
1110 2217 1291 2265 adhibet
1318 2219 1519 2267 crebram

215 2322 312 2350 cum
358 2302 494 2368 Ibyco
542 2301 913 2366 compositionem.
992 2298 1051 2344 At
1097 2315 1191 2344 eam
1236 2317 1436 2348 caussam
1470 2320 1520 2349 ex

215 2382 471 2447 aequalitate
504 2382 654 2428 aetatis
694 2381 895 2446 petitam,
943 2381 1006 2442 (et
1044 2396 1098 2424 ne
1130 2378 1308 2428 suerunt
1345 2382 1523 2446 quidem

216 2463 444 2527 aequales,
490 2462 708 2526 siquidem
747 2480 882 2525 quum
914 2477 1045 2506 senex
1082 2471 1195 2506 esset
1229 2460 1521 2518 Stesichorus,

217 2543 262 2588 in
297 2543 394 2607 ipso
426 2542 533 2589 {lore
568 2544 717 2590 aetatis
754 2542 1014 2588 constitutus
1051 2553 1142 2587 crat
1176 2541 1386 2608 lbycus,)
1430 2560 1519 2588 nou

217 2623 418 2672 sufficere
454 2625 498 2671 iu
536 2622 802 2690 explicandis
839 2621 1043 2669 omnibus
1070 2621 1174 2668 locis
1199 2622 1419 2669 verissime
1440 2640 1519 2667 no-
