1677 3059
665 239 728 245 .-
864 222 922 254 χχ
1043 238 1106 244 —.

233 370 391 416 genere
420 352 454 396 si
486 347 755 415 quibusdam
777 347 998 394 videberis
1023 350 1089 410 τῷ
1114 350 1313 411 θυλάκῳ
1342 358 1545 412 σπεῖραιε

233 455 507 486 communem
556 435 742 482 habebis
781 435 1042 490 iuventutis,
1098 434 1161 481 sic
1197 433 1289 482 fere
1328 436 1374 483 in
1411 436 1546 483 literis

235 525 491 581 exultantis,
528 523 862 570 excusationem.
934 521 1044 568 Sero
1082 519 1317 580 discimus,
1362 524 1548 571 devitata

235 612 353 658 omni
390 610 628 673 ambagum
662 621 703 656 et
734 607 1092 656 diverticulorum
1129 609 1411 667 amoenitate,
1447 611 1548 660 bre-

236 699 413 746 vissimo
449 697 602 743 itinere
637 715 704 754 eo,
742 714 830 760 quo
864 693 1208 760 perveniendum
1244 706 1323 753 est,
1357 697 1548 745 tendere.

237 786 303 833 Ac
338 803 440 832 vero
476 784 512 831 si
546 783 627 829 tibi
663 782 921 839 obiicietur,
969 792 1011 829 te
1049 782 1177 829 etiam
1213 800 1264 830 ex
1299 785 1552 847 grammati-

240 890 391 918 corum
436 871 557 917 tricis
603 869 912 935 corruptisque
953 869 1317 929 narratiunculis,
1364 884 1412 919 ut
1456 873 1554 920 sani

242 957 410 1022 aliquid
459 969 501 1004 et
544 956 759 1004 fructuosi
807 956 1094 1014 extunderes,
1149 958 1285 1005 nimio
1332 960 1555 1006 interdum

242 1044 394 1091 labore
427 1044 730 1092 contendisse:
766 1042 875 1090 mihi
907 1042 1087 1108 quidem
1122 1045 1267 1092 minus
1303 1045 1476 1111 placent
1509 1048 1555 1104 ii,

246 1131 320 1196 qui
354 1130 514 1177 obtusa
545 1130 712 1193 ingenii
748 1132 840 1178 acie
869 1129 924 1177 de
951 1149 1053 1178 vero
1089 1130 1341 1179 extricando
1364 1132 1448 1179 cito
1480 1131 1557 1180 ‹le-

247 1229 449 1283 sperant,
499 1235 632 1283 quam
679 1217 755 1282 qui
798 1216 847 1264 in
891 1217 1129 1264 scrutando
1172 1237 1346 1265 onmem
1386 1230 1567 1271 mouent*

247 1304 467 1370 lapidem,
543 1315 583 1351 et
626 1303 849 1350 interdum
893 1305 1049 1363 etiam,
1106 1317 1154 1352 ut
1202 1308 1344 1352 Varro
1391 1306 1560 1365 scribit,

247 1394 489 1439 scientiam
520 1391 589 1438 ad
619 1392 884 1456 opinionem
917 1402 1226 1456 aucupantur.
1298 1392 1400 1455 Qua
1434 1395 1480 1441 in
1514 1413 1563 1442 re

251 1481 407 1542 agnovi
449 1479 642 1525 animum
677 1488 802 1524 tuum
836 1477 1003 1541 ingenti
1039 1479 1244 1526 scientiae
1284 1498 1430 1527 amore
1465 1500 1567 1547 per-

254 1565 446 1624 culsum,
480 1565 652 1631 qualem
685 1565 813 1612 etiam
848 1564 962 1612 inter
994 1565 1167 1613 sodales
1203 1579 1302 1614 tuos
1337 1568 1381 1615 in
1411 1569 1568 1616 iucun-

255 1652 449 1699 dissimis
498 1652 582 1699 illis
621 1651 845 1710 coetibus,
902 1671 1014 1717 quos
1060 1653 1327 1718 philologiae
1373 1655 1569 1703 studium

254 1741 299 1787 in
332 1750 484 1786 nostra
515 1738 626 1785 urbe
662 1751 1028 1803 congregaverat,
1074 1759 1234 1803 magno
1271 1761 1370 1789 cum
1406 1741 1570 1805 gaudio

257 1844 388 1891 saepe
423 1843 740 1889 cognoveram,
785 1844 1013 1891 nunquam
1047 1826 1166 1874 illum
1204 1828 1262 1874 ad
1293 1827 1571 1876 difficultates

258 1913 495 1960 vincendas
521 1913 753 1976 ignavum,
791 1912 871 1959 sed
907 1912 963 1959 ad
990 1914 1296 1979 antiquitatem
1323 1914 1450 1961 altius
1471 1931 1573 1980 per-

259 2000 532 2065 spiciendam
568 2001 823 2048 instinctum
858 2019 1032 2066 semper
1059 2012 1188 2066 atque
1221 2011 1430 2048 ruentem.

355 2087 486 2144 Vale,
516 2087 582 2133 vir
601 2087 877 2144 doctissime,
915 2105 1074 2152 meque
1100 2106 1243 2134 amare
1265 2105 1412 2152 perge.
1483 2088 1574 2134 Da-

263 2175 364 2221 bam
401 2174 637 2237 Gottingae
673 2174 850 2221 Caleud.
885 2174 1025 2239 April.
1056 2194 1090 2221 a.
1120 2175 1532 2224 MDCCCXXXIII.
