1677 3059
678 220 738 231 —-
851 192 940 242 172
1049 219 1111 226 —-

360 335 542 382 Interest
563 332 742 398 proprie
765 330 1111 397 Calydoniumne
1132 330 1320 395 aliquem
1341 351 1396 378 an
1417 333 1547 381 Pleu-

244 417 418 463 ronium
448 413 663 481 appelles:
701 413 882 459 diversis
919 412 1033 459 enim
1063 410 1238 476 populis
1275 413 1443 460 Aetolia
1469 413 1547 460 lla-

244 496 480 551 bitabatur‚
518 513 654 559 quum
681 492 880 560 Calydon
903 504 1016 541 esset
1040 491 1227 539 Aeolum
1264 504 1391 557 atque
1415 495 1547 541 Aeto-

243 576 399 633 lorum,
434 575 697 623 Pleuronem
731 585 927 621 tenerent
959 575 1153 632 Curetes,
1187 593 1224 620 v.
1256 575 1300 620 C.
1325 574 1378 620 O.
1406 575 1550 621 Muel-

244 659 318 706 ler.
355 656 583 722 Explicatt.
618 673 803 721 mappae
839 673 989 718 geogr.
1028 654 1181 701 Graec.
1218 673 1361 720 super.
1398 673 1440 719 p.
1472 657 1547 702 27.

245 739 335 787 Sed
370 757 505 804 quum
538 736 753 786 Aeolibus
789 735 1023 783 cessissent
1061 736 1239 782 Curetes
1276 754 1373 782 eum
1407 736 1550 801 iisque

242 819 436 867 Pleuron
467 818 602 876 urbs,
635 837 725 864 non
761 827 958 862 accurate
995 816 1062 863 eui
1107 817 1204 881 quis
1239 818 1357 879 genti
1395 837 1548 865 aceen-

242 912 389 947 seatur
432 898 599 962 ubique
638 897 891 945 custodiunt
933 898 1180 962 scriptores.
1262 897 1391 945 Velut
1417 919 1550 964 quam

241 980 392 1027 relicui
419 977 708 1042 Calydoniam
739 988 907 1036 vocant,
944 978 1079 1042 Soph.
1112 978 1269 1028 Traeh.
1297 982 1338 1026 7.
1417 981 1548 1028 Pleu-

240 1062 365 1108 ronia
407 1072 472 1107 est
505 1058 725 1107 Deianira.
816 1058 936 1104 Illam
984 1070 1127 1104 autem
1161 1060 1389 1123 utriusque
1424 1062 1547 1108 urbis

242 1141 595 1205 conjunctionem
621 1139 811 1186 declarat
832 1139 1086 1202 genealogia
1117 1139 1212 1196 illa,
1251 1158 1361 1204 quae
1387 1153 1548 1189 utram-

243 1241 328 1287 que
359 1241 383 1268 a
418 1221 636 1268 Pleurone
673 1232 802 1286 atque
845 1220 1071 1286 Calydone
1106 1221 1248 1269 Aetoli
1291 1240 1339 1268 ex
1372 1223 1548 1270 Pronoa

240 1304 340 1351 filiis
371 1303 550 1350 nomina
585 1303 805 1368 accepisse
840 1303 948 1360 fert,
984 1321 1020 1349 V.
1053 1302 1258 1368 Apollod.
1293 1303 1328 1360 Ι,
1365 1306 1408 1362 7,
1445 1306 1486 1351 7.

662 1450 698 1496 F
715 1468 738 1495 r
754 1467 777 1495 a
796 1467 825 1512 g
842 1467 897 1495 m.
962 1450 1121 1496 XXVI.

370 1544 515 1593 Schol.
543 1545 628 1610 Ap.
653 1545 738 1592 Rh.
759 1546 833 1602 IV,
860 1547 959 1601 57.‚
995 1543 1162 1590 Eudoe.
1193 1544 1304 1590 Viol.
1328 1562 1370 1608 p.
1396 1544 1498 1592 148.

333 1627 553 1690 Ἴβυκος
583 1631 629 1673 ἐν
656 1627 823 1688 πρώτῳ
853 1627 1027 1676 ’Ἡλιδος
1050 1626 1131 1671 τὸν
1158 1630 1440 1681 Ἐνδυμίωνα
1462 1633 1544 1689 βοε-

239 1709 442 1754 σιλεῢσαι
476 1715 601 1766 φησί.
667 1706 723 1752 Et
756 1705 902 1771 paullo
938 1718 1060 1772 post:
1098 1711 1214 1766 φασί
1246 1711 1293 1753 δὲ
1324 1708 1470 1753 αὐτὸν
1503 1713 1545 1754 οἰ

237 1793 319 1844 μὲν
351 1788 674 1851 Σπαρτιάτην,
711 1792 753 1834 οἱ
786 1793 834 1835 δὲ·
863 1795 1040 1836 Ἠλεῖον.
1107 1788 1246 1834 Addit
1280 1786 1386 1833 alios
1422 1787 1545 1834 aliter

239 1869 538 1917 decernentes.
1195 1858 1204 1866 ’

368 1949 498 1995 Teste
542 1949 746 2015 Apollod.
783 1953 826 2009 I,
875 1954 926 2008 7,
962 1953 1003 1998 5.
1054 1968 1104 1997 ex
1147 1948 1373 1995 Thessalia
1422 1950 1545 1998 duxit

238 2028 397 2077 Aeoles
433 2030 691 2096 Elidemque
721 2031 929 2078 condidit.
998 2033 1038 2077 Is
1073 2030 1206 2076 filium
1237 2030 1387 2076 habuit
1410 2033 1543 2078 Aeto-

240 2110 351 2166 lum,
387 2111 462 2173 qui
498 2130 578 2157 suo
616 2113 670 2160 de
701 2114 875 2159 nomine
912 2114 1134 2176 regionem
1171 2112 1302 2168 dixit,
1340 2132 1374 2158 v.
1406 2113 1543 2178 Apol-

240 2190 324 2236 lod.
358 2189 383 2238 l.
421 2210 481 2248 c.‚
521 2192 659 2239 Sturz.
696 2193 937 2259 Pherecyd.
972 2213 1012 2258 p.
1046 2194 1145 2249 88,
1186 2192 1408 2240 Voelcker.
1439 2193 1540 2257 My-

239 2269 341 2317 thol.
378 2271 559 2334 Iapetid.
596 2292 636 2338 p.
675 2274 807 2331 346,
864 2274 1059 2321 Mueller.
1095 2273 1298 2335 Prolegg.
1341 2293 1382 2339 p.
1419 2278 1541 2331 222,

241 2351 315 2415 qui
345 2350 475 2397 deum
501 2353 836 2420 Endymionem,
874 2358 1023 2403 Lunae
1056 2366 1259 2410 amatum,
1295 2355 1426 2401 veteri
1459 2356 1540 2402 Le-

239 2432 385 2495 legum
428 2452 525 2479 cum
558 2436 692 2501 Epeis
734 2437 1062 2484 commixtorum
1112 2436 1311 2499 religioni
1348 2435 1536 2482 ascribit.

241 2514 367 2575 Quos
415 2515 565 2561 Lunae
620 2535 789 2564 amores
834 2529 979 2564 utrum
1022 2519 1212 2582 tetigerit
1254 2528 1404 2583 poeta,
1462 2515 1538 2561 ubi

239 2593 380 2641 Elidis
422 2615 569 2659 regem
605 2598 766 2645 fecerat
796 2599 1145 2666 Endymionem,
1193 2619 1248 2647 an
1290 2599 1337 2646 in
1374 2595 1537 2645 descri-
