1677 3059
550 252 615 258 -.
737 223 799 271 99
923 244 997 260 —,

112 362 331 417 Darmst..,
365 360 493 418 Urs.⁷
528 360 730 418 Ruhnk.‚
765 358 994 418 Siebenk.‚
1035 361 1202 420 Bekk.‚
1244 364 1416 410 Husch-

114 441 212 488 kius
247 439 445 488 Proclus.
515 440 700 504 Vulgata
736 440 931 487 omnium
965 440 1179 489 librorum
1201 443 1418 508 scriptura

113 521 280 583 α’πειρα
325 540 459 586 quum
508 519 787 568 Mehlhornio
831 537 974 585 neque
1019 532 1204 569 metrum
1248 522 1419 588 explere

113 600 337 648 videretur
370 621 513 667 neque
551 601 698 650 sensui
741 617 1008 664 magnopere
1042 620 1308 665 congruere,
1365 604 1419 652 de

116 698 205 745 qua
254 701 302 730 re
345 683 468 731 aliter
505 684 668 740 sentim
725 693 813 728 tres
857 682 1090 745 proposuit
1134 684 1419 748 conjecturas,

114 761 181 811 vel
220 768 481 827 οέπείρατα,
535 764 600 810 vel
635 766 842 824 οἶτείρεα,
892 759 957 806 vel
988 764 1188 825 οέτήρια,
1236 783 1420 827 quarum

115 842 235 890 nulla
265 842 447 890 stabilis.
516 844 576 890 Ut
598 842 653 890 de
686 860 820 890 sensu
847 841 1038 907 primum
1061 841 1272 900 dicamus,
1308 856 1421 891 recte

113 921 323 970 intellexit
367 934 488 970 vetus
537 923 753 988 interpres
797 924 888 970 Lat.
938 923 1046 969 retia
1091 923 1178 971 dici
1225 941 1250 969 a
1294 936 1423 988 poeta

113 1001 315 1067 infinita,
351 1022 402 1051 ex
434 1002 598 1069 quibus
628 1022 756 1068 aegre
779 1003 1022 1069 expediare.
1090 1002 1229 1067 quue
1250 1004 1423 1068 vulgato

115 1081 311 1146 ἄπειρα,
346 1084 478 1130 modo
510 1094 697 1130 metrum
732 1096 973 1141 constaret,
1010 1084 1172 1149 optime
1204 1085 1425 1148 significa-

116 1173 261 1220 retur,
298 1174 346 1210 ut
377 1163 537 1211 Aesch.
573 1165 728 1227 Agam.
767 1165 904 1212 1355.
976 1165 1163 1226 ἄπειρον
1195 1168 1425 1227 ἀμᾳιβλη-

118 1259 257 1304 στρον
289 1246 439 1307 ὥσπερ
473 1246 655 1299 ἰχθύων
665 1264 691 1309 ,·
725 1256 766 1292 et
799 1245 854 1292 de
890 1244 1041 1291 eadem
1074 1262 1120 1290 re
1143 1244 1246 1291 Eur.
1280 1246 1423 1292 Orest.

115 1323 192 1370 25.
216 1322 403 1387 ἄπειρον
422 1327 638 1390 ὕφασμα,
667 1325 789 1391 quod
804 1324 962 1372 Aesch.
986 1323 1217 1371 Eumenid.
1232 1328 1337 1375 605.
1363 1337 1427 1372 est

116 1406 327 1466 ἀτέρμων
345 1413 524 1458 πέπλος.
554 1406 824 1454 Mehlhornii
848 1407 1076 1468 ἅπείρᾶτα
1097 1416 1239 1452 autem
1263 1406 1426 1453 ducen-

118 1482 225 1531 dum
249 1497 362 1534 esset
384 1506 409 1535 a
429 1507 465 1534 v.
483 1489 722 1553 πειράζειν,
740 1498 789 1535 ut
809 1486 918 1534 retia
939 1497 1198 1534 vocarentur
1219 1485 1427 1532 nondum

246 1643 366 1692 aliqua
395 1646 573 1693 adaugere
601 1646 654 1680 sas
685 1651 756 1688 est,
792 1642 897 1679 facile
928 1643 1110 1686 adducor,
1151 1650 1187 1677 ut
1216 1656 1256 1677 ex
1285 1642 1427 1690 Ibyciae

245 1708 411 1745 dictionis
439 1711 668 1746 similitudine
696 1709 924 1744 scribendum
955 1709 1132 1756 suspicer:
1166 1706 1301 1756 ”Ερως,
1329 1707 1350 1743 ὂ
1369 1722 1428 1751 κη-

244 1774 376 1822 λήμασι
403 1779 550 1825 ῥίπτεις,
588 1778 731 1816 Amor,
761 1777 826 1819 qui
853 1776 1149 1808 demulcluwntis
1168 1775 1292 1814 jacis,
1334 1770 1367 1805 h.
1398 1785 1427 1805 e.

247 1841 310 1888 qui
351 1841 514 1876 homines
553 1841 745 1875 demulces.
811 1838 905 1873 Nam
933 1846 971 1873 ut
998 1847 1048 1873 est
1079 1839 1216 1885 βάλλειν
1246 1836 1429 1883 σκώμμασι

246 1908 287 1945 τό
324 1907 508 1945 σκώπτειν·
547 1912 603 1943 καὶ
642 1904 777 1952 βάλλειν
805 1906 995 1951 λοιδορίαις
1028 1902 1104 1948 ἤτοι
1134 1903 1325 1949 λοιδορεῖν,
1372 1908 1431 1937 καὶ

246 1972 384 2021 βάλλειν
411 1973 541 2022 ἀραῖς,
579 1969 775 2019 Phrynich.
804 1969 839 2004 in
867 1968 976 2004 Bekk.
1006 1967 1169 2003 Anecdd.
1196 1981 1230 2013 p.
1258 1967 1324 2008 29,
1353 1968 1429 2010 27„

246 2038 297 2073 ita
325 2039 500 2087 κηλήμασι
529 2040 657 2086 ῥίπτειν
684 2043 735 2070 est
760 2035 782 2069 i.
812 2048 846 2081 q.
876 2038 1003 2077 κηλεῖν.
1079 2031 1123 2068 ⁰0
1153 2039 1270 2065 autem
1300 2045 1364 2077 pro
1392 2030 1431 2071 ὂς

248 2103 402 2149 positum
431 2112 482 2138 est
505 2104 542 2137 in
570 2102 650 2136 loco
675 2099 840 2148 gemine,
885 2099 944 2146 qui
977 2106 1026 2133 est
1051 2097 1174 2143 Eurip.
1204 2096 1310 2142 Hipp.
1341 2096 1430 2130 525.

248 2166 291 2200 Id
327 2175 444 2202 autem
483 2176 522 2203 ut
557 2181 597 2202 ex
629 2167 775 2213 antiquo
812 2177 977 2198 sermone
1009 2163 1151 2197 retineri
1187 2168 1346 2208 poterat,
1385 2161 1430 2194 ita

247 2231 365 2266 forma
396 2232 436 2274 ὃς
471 2247 536 2280 pro
568 2233 717 2267 articulo
745 2230 766 2268 ὁ
799 2243 983 2277 nunquam
1022 2228 1183 2275 prosecio
1222 2227 1334 2273 posita
1370 2232 1431 2259 est.

251 2296 362 2340 Quod
388 2298 512 2331 monui
540 2305 686 2345 propter
713 2297 886 2342 Hartung.
918 2295 961 2328 de
989 2306 1076 2328 cass.
1103 2306 1136 2338 p.
1161 2291 1260 2334 113„
1291 2291 1350 2337 qui
1376 2304 1430 2336 ap.

247 2361 354 2395 Pind.
382 2361 487 2408 Pyth.
515 2363 578 2405 III,
608 2363 695 2398 106.
726 2362 766 2402 ὃς
795 2362 902 2401 :tol-139
929 2372 1003 2393 non
1035 2357 1300 2391 emendandum
1335 2362 1430 2388 ratus

249 2426 289 2468 ὃς
308 2439 374 2473 pro
401 2427 549 2461 articulo
571 2427 710 2472 accipit.
748 2426 933 2460 Dissenius
954 2423 1136 2470 πάμπολυς
1157 2421 1319 2466 conjecit,
1348 2433 1433 2466 pro-

250 2493 373 2527 hatum
403 2490 598 2526 Boeckhio.
652 2492 730 2539 Ego
758 2492 920 2540 suspicor
946 2488 1174 2523 scribendum
1206 2498 1299 2520 esse:
1329 2483 1434 2520 ἇσπε·

250 2571 308 2598 τος
335 2546 400 2593 εὖτ’
426 2556 469 2592 ἂν
495 2557 675 2605 ἐπιβρίσαις
699 2558 831 2600 ἕπηται.
896 2555 1062 2589 Ceterum
1092 2553 1135 2586 de
1156 2551 1237 2584 loco
1266 2549 1376 2595 soph.
1402 2562 1433 2581 v.

252 2636 343 2670 quae
376 2622 553 2671 congessit
582 2622 700 2656 VVex.
726 2621 862 2670 Syllog.
889 2620 934 2655 11.
963 2633 997 2665 p.
1020 2616 1103 2655 204
1123 2629 1201 2663 sqq.

1159 2684 1188 2728 7
1204 2693 1220 2711 t
