1677 3059
695 242 757 248 —
867 212 960 257 112
1063 239 1125 245 -

635 351 672 396 F
689 369 712 397 1·
731 370 754 398 a
772 369 801 415 g
817 369 860 398 m
878 369 932 397 m.
978 351 1031 396 V.
1078 349 1150 397 VI.

554 441 608 485 Ἠ
654 441 734 487 εἰς
790 441 1057 499 Γοργίαν
1111 438 1246 501 ᾠδή.

376 531 582 597 Apollon.
617 529 763 578 Rhod.
800 531 875 589 III,
914 532 1007 580 158
1031 549 1126 596 sqq.

313 616 381 669 Βῆ
410 618 459 659 δὲ
492 617 588 660 διὲκ
620 613 834 674 μεγάροιο
867 615 970 662 Διὸς
1000 614 1282 674 πάγκαρπον
1315 612 1490 670 οἷλωήν.

314 696 473 754 Αύτάρ
507 697 664 739 ἔπειτα
697 693 844 741 πύλας
876 691 1099 747 ἐξήλυθεν
1135 694 1401 750 Οὐλύμποιο

312 779 541 835 αἰθερίας·
573 777 706 820 ἔνθεν
738 778 787 820 δέ
822 774 1088 836 καταιβάτις
1120 775 1217 820 ἐστι’
1249 778 1464 822 κέλευθος

313 861 530 918 οὐρανίη.
568 856 677 902 δοιώ
711 858 759 901 δέ
792 855 926 900 πόλοι
961 855 1177 907 άνέχουσι
1210 855 1393 916 κάρηνα

310 942 480 998 οὐρέων
498 936 750 997 ἠλιβάτων,
779 937 980 994 κορυφαί
997 935 1186 998 χθονός,
1217 923 1302 993 ᾗχί
1321 938 1361 980 τ’
1378 936 1559 996 ἀερθείς

312 1022 458 1077 ἠέλιος
488 1016 722 1076 πρώτῃσιν
751 1015 980 1074 ἐρεύγεται
1014 1017 1285 1061 ἀκτίνεσσιν.

313 1098 470 1146 Ksed&
499 1101 538 1142 δ’
567 1095 731 1140 ἄλλοτε
762 1101 878 1154 γαῖα
903 1098 1121 1156 φερέςβιος
1144 1093 1289 1141 ἄστεά
1310 1097 1352 1140 ‘c’
1375 1097 1561 1156 ἀνδρῶν

316 1184 499 1238 φαίνετο
537 1179 619 1223 καί
651 1174 877 1229 ποταμῶν
900 1176 1012 1234 ἱεροί
1034 1175 1130 1235 ρ’όοι
1141 1210 1159 1239 7
1194 1174 1360 1222 ἄλλοτε
1382 1180 1423 1221 δ’
1447 1165 1561 1221 αὖτε

316 1259 482 1320 ἄκριες,
512 1259 642 1316 ἀμφί
662 1260 709 1302 δὲ
728 1256 892 1304 πόντος
918 1259 992 1301 ἀν’
1016 1259 1186 1316 αἰθέρα
1204 1257 1378 1303 πολλὸν
1397 1256 1524 1303 ἰόντι.

251 1337 414 1387 Scholl.
452 1336 593 1384 Paris,
631 1347 672 1382 et
705 1334 818 1399 vulg.
857 1335 963 1383 haec
999 1346 1062 1382 est
1098 1335 1319 1382 annotatio
1360 1336 1407 1382 in
1442 1336 1559 1383 hunc

249 1420 422 1468 locum:
480 1419 569 1465 Δια
611 1417 789 1464 τούτων
832 1419 926 1464 τῶν
977 1423 1146 1469 στίχων
1177 1417 1559 1480 παραγράφει21)

249 1502 312 1549 τά
354 1503 566 1562 εἰρημένα
606 1499 698 1544 ὑπὸ
748 1499 976 1561 Ἰβύκου
1023 1502 1070 1544 ἐν
1108 1496 1172 1549 οἷς
1213 1502 1316 1560 περί
1346 1499 1428 1555 τῆς
1469 1507 1562 1545 Γα-

250 1582 482 1639 νυμήδους
526 1579 743 1640 ἁρπαγῆς
785 1572 931 1642 εἶπεν,
985 1582 1032 1624 ἐν
1046 1580 1114 1642 22)
1159 1582 1219 1639 τῇ
1259 1583 1316 1628 εἰς
1359 1584 1560 1640 Γοργίαν

305 1752 377 1799 21)
409 1752 571 1786 Verbum
600 1751 840 1800 παραγράφειν
868 1751 984 1785 rarius
1011 1756 1219 1796 usurpatum
1234 1747 1305 1785 hoc
1331 1749 1494 1784 imitandi
1514 1749 1563 1783 si-

383 1818 553 1865 gnificatu
580 1831 646 1864 pro
684 1830 738 1851 vv.
766 1813 1023 1865 παραφράζειν,
1062 1820 1264 1863 παραποιεῖν
1293 1814 1397 1849 docta
1426 1814 1563 1849 Sebae-

382 1882 449 1915 feri
478 1881 632 1916 sollertia
661 1881 696 1915 h.
724 1881 746 1915 1.
776 1895 811 1929 p.
837 1883 928 1917 228.
951 1881 1143 1916 illustravit.
1210 1880 1414 1913 Putavcrim
1442 1887 1563 1914 tamen

383 1960 457 1980 non
486 1947 561 1980 sine
600 1959 724 1981 caussa
767 1947 1001 1981 Scholiastam
1031 1947 1101 1981 hoe
1130 1960 1162 1979 v.
1189 1958 1293 1978 usum
1323 1958 1420 1988 esse,
1467 1944 1563 1992 quod

383 2011 596 2045 strictiorem
626 2011 911 2059 pressioremque
946 2012 1179 2045 imitationem
1219 2009 1403 2056 designare
1440 2010 1563 2043 videa-

383 2084 458 2119 tur,
499 2089 590 2122 quae
618 2089 692 2110 non
717 2076 753 2110 in
785 2077 930 2124 singulis
959 2076 1170 2123 quibusdam
1200 2074 1409 2120 arripiendis
1438 2073 1563 2121 acqui-

385 2146 500 2183 escat,
528 2140 591 2175 sed
619 2139 797 2187 longiores
826 2142 1017 2175 verborum
1043 2139 1368 2185 sententiarumque
1397 2152 1564 2186 compre-

386 2205 576 2239 hensiones
605 2205 850 2252 amplectatur.
908 2205 1019 2251 Quod
1041 2219 1116 2239 non
1141 2205 1187 2239 ita
1206 2204 1424 2238 intellectum
1444 2203 1562 2247 velim,

387 2270 486 2316 quasi
516 2269 748 2316 Apollonium
778 2271 885 2304 verba
909 2271 984 2317 ipsa
1013 2271 1049 2305 in
1078 2284 1181 2304 usum
1214 2269 1427 2305 convertisse
1456 2282 1564 2303 accu-

387 2348 474 2377 sem,
504 2335 600 2381 quod
621 2349 694 2369 non
718 2343 874 2382 poterat3
903 2349 1109 2382 quanquam
1133 2342 1194 2377 est,
1223 2335 1284 2369 ubi
1303 2334 1453 2368 aliorum
1474 2346 1562 2381 poe-

386 2406 504 2433 tarum
531 2399 665 2447 integra
694 2401 799 2434 verba
827 2401 1068 2444 transscribat,
1096 2415 1126 2434 v.
1147 2399 1357 2434 VVeichert.
1381 2399 1424 2433 de
1453 2399 1508 2432 vit.
1530 2404 1563 2432 et

389 2477 537 2497 cat-mm.
568 2463 636 2510 Ap.
666 2463 733 2498 Rh.
761 2477 795 2510 p.
813 2465 905 2499 206.

312 2548 382 2593 22)
409 2547 528 2595 Vulgo
555 2549 631 2588 ἐπὶ,
661 2561 701 2582 ex
728 2560 800 2593 seq.
830 2550 983 2597 ἐπιφέρει
1012 2549 1128 2583 alieno
1150 2548 1230 2584 loeo
1250 2548 1436 2583 intrusum.
1485 2547 1559 2580 Ve-

395 2626 475 2648 rum
509 2621 559 2648 est
590 2627 631 2648 ex
660 2612 793 2648 Scholl.
823 2614 952 2648 Pariss.
