1677 3059
680 201 744 211 —
854 177 948 223 152
1051 205 1114 214 -

255 311 405 379 Symp.
439 332 483 379 p.
520 316 626 373 179,
662 316 737 374 Ε.,
774 315 952 363 Scolion
987 315 1334 364 laudatissimum
1368 318 1414 365 in
1450 319 1562 364 Har-

254 393 370 440 mod.
409 405 449 441 et
479 395 704 459 Aristogit.
742 415 810 462 ap.
841 397 999 445 Athen.
1036 397 1133 455 XV,
1168 417 1211 462 p.
1247 399 1355 456 695,
1391 399 1443 446 A.
1513 399 1564 444 In

259 472 422 540 Odyss.
460 477 634 534 XXIV,
683 479 755 524 13.
804 489 868 525 est
901 483 1004 525 κατ’
1041 479 1300 537 ἀσφοδελὸν
1330 482 1566 542 λειμῶνα,

257 554 447 601 Leucam
503 555 681 604 deducit
733 569 871 605 mater
919 556 1038 623 apud
1081 558 1313 605 Arctinum
1360 559 1564 625 Aethiop.

258 633 399 681 Procl.
425 655 467 701 p.
498 639 607 686 479.
645 638 781 685 Gaisf.
822 645 944 690 Θέτις
967 641 1222 699 ἀφικομένη
1254 641 1338 687 σὺν
1367 640 1570 690 Μούσαις

259 717 341 760 καί
357 724 457 767 ταῖς
481 720 699 779 ἀδελφαῖς
719 726 888 781 θρηνεῖ
898 722 980 766 τὸν
1005 725 1154 766 παῖδα
1181 723 1262 766 καί
1279 720 1398 776 μετα
1418 721 1571 766 ταῦτα

260 798 311 841 ἐκ
353 799 435 854 τῆς
464 802 610 860 πυρᾶς
644 803 677 856 ἦ
712 805 834 850 Θέτις
867 801 1183 861 ἅναρπάσασα
1216 801 1299 847 τὸν
1333 807 1482 848 παῖδα
1514 804 1572 851 εἰς

261 879 445 932 Λευκὴν
474 881 614 936 νῆσον
648 885 924 945 διακομίζει,
956 885 1000 927 οί
1033 884 1082 927 δέ
1114 884 1284 933 Ἀχαιοί
1311 885 1392 928 τὸν
1423 883 1573 940 τάφον

261 959 491 1010 χώσαντες
524 962 688 1020 ἀγῶνα
713 965 932 1006 τιθέασιν.
999 959 1129 1006 Unde
1163 959 1350 1009 Alcaeus
1379 981 1449 1028 ap.
1480 963 1572 1009 Eu-

264 1036 390 1084 stath.
426 1039 556 1086 Dion.
593 1040 764 1104 Perieg.
801 1041 909 1087 306.
943 1042 1168 1103 Ἀχιλλεῦ,
1211 1044 1259 1092 ὃς
1287 1045 1368 1093 τᾶς
1404 1049 1573 1089 Σκυθι-

265 1119 348 1168 κᾶς
379 1125 533 1175 μέδεις.
615 1120 942 1185 Nobilitataque
975 1130 1040 1168 est
1072 1120 1180 1168 haec
1217 1121 1422 1170 deductio
1458 1141 1575 1170 com-

264 1197 468 1263 pluribus
503 1201 712 1266 operibus
749 1202 876 1259 artis,
928 1220 1039 1267 quae
1074 1201 1302 1249 illustravit
1337 1203 1448 1250 Rad.
1485 1205 1577 1250 Ro-

268 1279 392 1327 chett.
427 1299 663 1329 monumm.
700 1282 815 1329 ined.
852 1282 886 1339 Ι,
917 1300 959 1346 p.
998 1283 1093 1329 110
1124 1302 1219 1348 sqq.
1310 1282 1401 1345 Qui
1435 1294 1578 1329 autem

268 1364 312 1410 in
350 1364 495 1410 Leuca
527 1373 771 1427 reponunt,
808 1361 880 1409 alii
913 1362 1189 1428 Iphigeniam
1224 1382 1402 1411 uxorem
1435 1365 1474 1411 ei
1509 1382 1579 1411 as-

270 1445 446 1507 signant
465 1461 674 1509 sponsam
701 1443 804 1490 olim
825 1462 974 1502 suam,
1013 1444 1077 1490 uti
1096 1446 1257 1491 Anton.
1284 1443 1472 1491 Liberal.
1500 1447 1578 1503 27,

272 1525 336 1572 cll.
361 1524 564 1572 Koehler.
598 1524 623 1571 l.
656 1544 689 1572 c.
718 1544 760 1590 p.
782 1525 903 1582 216;
954 1543 1066 1589 quae
1097 1526 1315 1584 narratio,
1350 1532 1400 1572 ut'
1431 1544 1582 1573 recen-

271 1607 403 1652 tiores
445 1604 585 1652 solent
614 1616 768 1670 poetae
809 1624 879 1652 res
911 1606 1103 1652 Homero
1141 1606 1290 1654 leviter
1331 1607 1582 1673 perstrictas

275 1686 455 1733 dilatare
497 1686 716 1751 variisque
759 1704 967 1733 exornare
1001 1684 1242 1749 figmentis,
1297 1687 1583 1734 fundamento

274 1768 426 1813 nititur
459 1769 586 1814 Hom.
621 1767 666 1813 Il.
694 1768 727 1824 Ι,
755 1768 885 1824 147.,
922 1766 994 1813 alii
1017 1766 1228 1815 Helenam
1250 1768 1584 1827 substituerunt,

276 1869 311 1895 v.
340 1851 469 1896 Paus.
493 1849 568 1905 III,
599 1849 669 1895 19.
706 1848 870 1914 Ibycus
903 1859 1047 1894 autem
1079 1849 1278 1916 Elysium
1313 1849 1350 1896 ei
1386 1868 1586 1914 campum

276 1931 451 1989 tribuit,
490 1948 619 1995 quem
643 1931 860 1976 Homerus
884 1929 1009 1994 ponit
1030 1934 1076 1976 ἐν
1102 1935 1280 1991 πείρασι
1308 1936 1461 1993 γαίης,
1499 1930 1585 1976 Od.

278 2013 353 2069 IV,
378 2013 508 2069 561.,
545 2010 610 2058 cll.
635 2009 810 2057 Voelck.
836 2028 987 2073 geogr.
1014 2012 1139 2057 Hom.
1165 2029 1206 2075 p.
1237 2011 1358 2067 156.,
1394 2010 1586 2060 Nitzsch,

281 2093 367 2139 Od.
401 2094 442 2150 Ι,
475 2112 517 2157 p.
550 2093 659 2143 283.
704 2090 925 2139 Hesiodus
963 2092 1080 2157 Opp.
1121 2093 1227 2141 196.
1263 2091 1383 2137 novit
1422 2091 1588 2138 insulas

281 2174 508 2221 beatorum
546 2174 782 2221 destinatas
825 2173 1016 2219 sortibus
1054 2172 1264 2219 heroibus
1311 2190 1448 2236 eaque
1489 2191 1591 2237 per-

282 2256 428 2303 suasio
451 2255 676 2321 paullatim
700 2254 766 2302 vel
797 2254 1049 2301 commentis
1072 2265 1301 2318 poetarum
1325 2252 1391 2299 vel
1425 2271 1591 2299 sermo-

283 2339 416 2385 nibus
455 2337 609 2403 populi
646 2348 770 2384 aucta
806 2345 1096 2398 exornataque
1130 2345 1204 2380 est.
1274 2334 1417 2379 Locus
1450 2344 1593 2379 autem

285 2421 356 2468 ille
397 2438 526 2485 quem
563 2418 877 2466 fabulabantur
912 2416 1088 2463 beatum
1121 2434 1203 2481 pro
1239 2425 1374 2461 aetate
1413 2412 1593 2460 rationi-

288 2502 460 2567 busque
503 2513 733 2567 poctarum
774 2499 860 2546 huc
902 2497 1003 2545 illuc
1047 2496 1281 2544 translatus
1318 2513 1368 2542 eo
1411 2494 1595 2541 maxime

286 2593 482 2648 tempore
528 2593 622 2639 est,
679 2601 766 2648 quo
811 2589 1039 2645 susceptae
1080 2577 1127 2627 in
1160 2577 1425 2642 longinquas
1459 2585 1596 2620 terras
