1677 3059
691 237 756 245 —-
877 213 940 257 32
1061 242 1125 252 -

260 349 463 397 amatoris
510 348 641 395 verba
685 348 869 407 faciant,
921 369 1011 398 non
1048 370 1097 398 ex
1137 353 1230 401 aliis
1264 360 1556 406 monumentis

259 431 520 498 profecisse,
557 448 689 494 quam
721 447 772 475 ex
806 430 1096 489 carminibus,
1131 443 1179 480 ut
1204 433 1387 484 forsitan
1421 438 1557 505 Ibyco

259 512 377 560 idem
413 510 557 558 dicere
586 509 779 568 licuerit,
815 511 936 578 quod
964 512 1151 560 Ovidius
1183 513 1238 561 de
1271 533 1318 563 se
1348 517 1559 580 gloriatur

259 595 380 660 ipse:

389 675 633 739 Acceptum
664 671 808 719 refero
842 673 1042 721 versibus
1078 693 1172 723 esse
1201 694 1378 726 nocens.

259 758 316 805 Et
351 758 449 823 quis
484 767 571 813 est,
632 755 707 820 qui
741 765 914 818 poetam
958 766 1105 802 oestro
1135 757 1314 805 Amoris
1346 761 1560 825 percitum

259 850 382 905 putet
425 835 618 884 scribere
652 835 848 901 potuisse
889 836 1107 900 ejusmodi
1140 838 1357 897 carmina,
1415 840 1560 905 qualia

259 920 488 985 scripsisse
525 935 623 964 eum
656 916 772 963 infra
806 915 1236 966 demonstrabimus?
1282 919 1406 983 quis,
1451 921 1559 984 quin

261 1000 462 1048 diffidere
484 998 664 1062 incipiat
683 995 858 1042 incertis
883 995 967 1042 illis
991 997 1259 1056 rumoribus,
1293 1017 1428 1064 quum
1453 1000 1561 1049 haec

260 1082 422 1146 scripta
462 1078 618 1125 viderit
654 1076 795 1124 eidem
838 1076 899 1122 illi
933 1077 980 1123 in
1020 1077 1190 1124 rabiem
1224 1080 1399 1128 amandi
1433 1082 1561 1130 exsti-

259 1163 446 1219 ululato,
481 1171 530 1206 ut
559 1157 733 1214 volunt,
774 1168 953 1221 poetae,
989 1158 1143 1221 fragm.
1177 1159 1246 1205 LI.

346 1245 421 1301 Μή
442 1260 489 1289 τι
524 1240 620 1300 πὰρ
644 1244 769 1289 θεοῖς
797 1241 1056 1302 ἄμβλακών
1078 1240 1219 1295 τιμοὲν
1244 1240 1355 1302 πρὸς
1375 1242 1562 1303 ἀνθρώ-

1019 1336 1121 1365 πων
1149 1323 1339 1377 ἀμείψω.

388 1403 479 1451 Sed
512 1402 575 1448 uti
613 1402 720 1448 istos
756 1399 955 1446 homines
998 1399 1195 1464 iniquius
1240 1400 1295 1447 de
1339 1401 1563 1450 amoribus

258 1497 413 1552 poetae
448 1482 637 1531 sensisse
673 1492 872 1545 apertum
897 1492 974 1538 est,
1009 1480 1071 1526 ita
1095 1479 1318 1545 hodieque
1347 1481 1457 1528 falsa
1478 1482 1562 1529 loci

258 1564 612 1630 interpretatione
643 1561 841 1608 videmus
875 1561 1016 1626 turpis
1038 1579 1277 1626 puerorum
1288 1563 1459 1624 ‘amoris
1482 1582 1562 1610 no-

258 1658 347 1693 tam
382 1645 545 1710 optimo
579 1654 733 1708 poetae
766 1642 967 1689 inustam.
1044 1642 1156 1689 Nam
1188 1642 1307 1708 apud
1337 1643 1561 1708 Aristoph.

260 1724 525 1791 Thesmoph.
575 1725 679 1775 161.
751 1723 926 1787 Agatho
974 1734 1107 1789 poeta
1149 1724 1208 1770 ita
1252 1722 1309 1771 ad
1353 1723 1563 1772 Mnesilo-

261 1807 417 1855 chuni:

828 1887 989 1945 σκέψαι
1021 1891 1062 1933 δ’
1088 1885 1160 1935 ὅτι

384 1967 554 2030 Ἴβυκος
586 1971 748 2017 ἐκεῖνος
783 1971 1053 2028 κοᾶνακρέων
1085 1971 1114 2016 ὁ
1150 1969 1283 2027 Τήϊος

389 2052 656 2111 Κοέλκαῖος,
693 2050 818 2110 οἱπερ
852 2050 1075 2110 ἁρμονίαν
1103 2050 1346 2110 ἐχύμισαν,

387 2130 718 2191 ἐμιτροφόρουν
749 2146 799 2175 τε
831 2132 912 2175 καί
941 2130 1170 2176 διεκλῶντ’
1207 2129 1423 2178 Ἰωνικῶς.

260 2212 434 2257 Riserat
468 2209 526 2256 ob
573 2209 773 2256 habitum
816 2207 1075 2255 muliebrem
1115 2207 1394 2271 Agathonem
1436 2207 1564 2254 Mne—

261 2291 475 2338 silochus:
521 2290 761 2355 respondet
794 2288 889 2346 ille,
935 2289 1012 2334 ubi
1048 2288 1171 2351 quis,
1214 2288 1261 2333 in
1296 2289 1562 2335 carminibus

260 2382 388 2436 puta,
423 2388 495 2416 res
519 2369 756 2416 muliebres
789 2380 963 2426 tractet,
1000 2368 1055 2415 ad
1078 2367 1335 2415 muliebrem
1364 2388 1410 2416 se
1434 2386 1562 2415 orna-

262 2463 352 2497 tum
389 2468 628 2514 aggregare
651 2450 823 2496 debere.
894 2451 943 2495 In
969 2448 1212 2514 exemplum
1241 2449 1448 2514 proponit
1466 2447 1563 2494 illos

262 2542 349 2577 tres
385 2541 561 2595 poetas;
606 2530 757 2577 molles
794 2548 867 2576 eos
904 2529 1064 2586 fuisse,
1110 2549 1230 2577 more
1264 2530 1442 2586 Ionum,
1482 2528 1564 2573 mi-

263 2622 416 2675 traque
448 2610 671 2658 redimitos
707 2610 901 2658 affirmat.
993 2612 1231 2676 Perperani
1266 2607 1423 2657 amoris
1457 2625 1564 2672 pue-
