1677 3059
689 243 754 249 ——
865 215 958 260 110
1062 245 1125 252 —

253 362 413 417 multa,
467 367 516 404 ut
548 360 738 417 θρέμμα
772 357 1002 417 Μουσῶν,
1059 354 1222 401 Himer.
1261 374 1320 403 or.
1359 358 1477 414 XVI,
1515 359 1559 415 7,

255 464 306 494 ex
338 436 565 489 Simonide
590 446 722 499 put03
766 439 918 498 ἔρνος,
954 453 990 480 v.
1023 434 1229 482 Valcken.
1263 436 1365 484 Eur.
1390 437 1556 485 Phoen.

256 528 375 580 63ος
422 519 654 579 πτόρθος,
692 515 877 562 Porson.
913 516 1017 562 Eur.
1053 515 1157 562 Hec.
1193 519 1269 563 20.
1336 519 1448 565 Nam
1484 519 1559 583 qui

252 608 410 654 virtute
445 601 591 664 aliqua
623 595 849 661 conspicui
871 606 1038 654 essent,
1073 596 1127 642 iis
1151 596 1198 643 id
1222 597 1418 645 Deorum
1442 599 1558 645 Dea-

251 702 403 734 rumve
445 681 561 728 illius
607 676 897 744 praestantiae
936 676 1191 740 praesidum
1231 697 1411 725 munere
1446 678 1559 724 obti-

254 768 371 831 gisse
404 773 559 829 poetae
592 759 776 821 fingunt.
813 788 875 796 —-
939 760 982 803 2.
1019 760 1324 816 καλλικόμων.
1380 758 1559 806 Fiorillo

256 852 339 896 καί
370 851 533 907 καλλ.,
568 841 697 903 longe
730 840 931 905 pessime.
998 839 1090 886 Aut
1123 838 1357 902 legendum
1391 839 1562 905 praeci-
1622 874 1625 875 ν

254 929 320 994 pit
349 928 528 974 θαλλος
557 921 949 975 παλλιπλοκαμων
976 927 1101 984 μελ.,
1139 921 1265 968 metri
1298 921 1365 967 sui
1397 921 1560 984 gratia3

253 1007 506 1057 bacchatur.
552 1032 614 1040 --
679 1005 924 1058 μελέδημα.
974 1001 1103 1048 Pind.
1142 1000 1211 1047 Ol.
1244 1003 1300 1058 X,
1337 1004 1410 1049 59.
1445 1008 1562 1049 νέαι-

255 1097 325 1138 σίν
357 1107 407 1135 τε
440 1087 710 1145 παρθένοισι
743 1087 927 1138 μέλημα
938 1099 962 1145 ,·
1003 1080 1209 1128 Parthen.
1240 1082 1368 1144 frgm.
1404 1082 1456 1127 Π.
1492 1100 1563 1128 σε-

253 1173 372 1228 μνᾶν
403 1172 616 1228 Χαρίτων
647 1169 830 1219 μέλημα
857 1164 1060 1226 τερπνόν.
1124 1162 1350 1227 Aristoph.
1378 1162 1562 1228 Lysistr.

256 1253 362 1298 973.
400 1239 436 1294 οἷ
468 1249 862 1307 χρυσοδαίδαλτον
890 1247 1000 1301 ἐμὸν
1029 1249 1241 1306 μέλημα,
1280 1242 1357 1289 cfr.
1389 1243 1562 1289 Comes.

258 1331 314 1378 ad
347 1325 519 1375 Heliod.
556 1325 631 1381 III,
654 1328 699 1381 3,
725 1325 808 1381 113
844 1325 1094 1372 Mehlhorn.
1118 1325 1380 1370 Anacreont.
1404 1341 1446 1388 p.
1470 1324 1563 1371 183

257 1428 322 1474 sq.
402 1405 653 1452 Boeckhius
689 1404 746 1451 ad
790 1406 919 1452 Pind.
958 1405 1028 1452 Ol.
1064 1405 1107 1463 I,
1143 1405 1218 1453 88.
1264 1403 1466 1471 Ibycium
1499 1404 1564 1452 lo-

258 1508 358 1538 cum
403 1505 650 1534 memorans
687 1488 982 1543 καλλικόμων
1030 1485 1194 1533 rettulit
1239 1485 1296 1532 ad
1338 1491 1563 1547 Χαρίτων.

258 1571 387 1634 Quae
421 1580 469 1615 nt
503 1576 680 1615 καλλικ.
719 1568 943 1625 dicantur,
990 1567 1033 1613 h.
1066 1567 1092 1614 l.
1130 1577 1377 1630 nequeunt3
1438 1567 1565 1630 quasi

254 1663 385 1718 poeta
420 1649 690 1711 distinguere
733 1649 942 1695 voluisset
974 1649 1088 1694 inter
1130 1646 1303 1694 Gratias
1339 1646 1488 1693 dulces
1525 1659 1565 1694 et

256 1743 460 1781 comatas.
528 1730 673 1777 Unius
698 1729 899 1777 versiculi
925 1729 1124 1776 lacunam
1150 1738 1251 1792 post
1283 1729 1431 1778 θάλος
1464 1747 1565 1776 cum

255 1814 492 1860 Hermann.
528 1811 643 1877 Epit.
678 1810 813 1858 doctr.
848 1822 970 1858 metr.
1005 1814 1043 1875 ἕ.
1073 1812 1179 1858 302.
1215 1808 1363 1854 statuit
1396 1809 1562 1856 Mehlh.

255 1893 344 1940 Alii
389 1910 549 1939 nomen
588 1891 645 1938 ad
678 1900 856 1938 παλλικ.
892 1911 916 1939 a
950 1891 1142 1937 librariis
1187 1890 1398 1935 omissum
1433 1908 1565 1955 repo-

256 1984 440 2020 suerunt
471 1972 611 2027 aliud;
646 1972 821 2019 Jacobs.
855 1972 880 2019 l.
916 1993 949 2020 c.
979 1978 1190 2029 μελέδημ’
1214 1973 1448 2034 Ἐρώτων,
1487 1970 1565 2035 qui

257 2071 410 2101 vereor
443 2065 491 2100 ut
527 2052 729 2100 dicantur
754 2059 1038 2109 καλλίκομοι.
1105 2050 1415 2115 Dalecampius
1439 2061 1565 2108 Νυμ-

256 2136 377 2198 φῶν,
413 2145 462 2180 ut
495 2145 596 2180 sunt
631 2134 750 2199 apud
782 2135 931 2181 Horat.
967 2133 988 2178 Ι
1021 2151 1194 2178 carmm.
1234 2132 1276 2178 4.
1304 2133 1348 2188 5,
1375 2131 1566 2196 junctae

256 2214 494 2278 Nymphis
524 2217 718 2262 Gratiae
741 2216 965 2269 decentes,
1003 2231 1113 2277 quae
1140 2214 1194 2258 ab
1219 2212 1259 2257 h.
1292 2210 1317 2258 l.
1350 2210 1565 2258 alienissi-

256 2314 352 2342 mae
378 2307 492 2341 sunt.
555 2295 817 2342 Boissonad.
839 2300 1073 2357 νεανίδων,
1111 2293 1231 2358 quod
1254 2291 1403 2339 sensui
1430 2290 1565 2355 aptis-

256 2377 415 2423 simum
448 2376 573 2423 metri
611 2376 900 2438 integritatem
932 2374 1198 2440 pessumdat.
1244 2372 1440 2435 Intellige
1465 2370 1564 2437 pul-

256 2457 573 2504 chricomarum
609 2458 824 2520 virginum
849 2476 962 2503 cnm
988 2462 1096 2519 (qua
1117 2473 1221 2501 voce
1249 2454 1401 2501 eodem
1429 2451 1562 2499 modo

255 2547 438 2584 utuntur
480 2539 648 2597 Latini,
693 2559 729 2584 v.
765 2537 941 2584 Anthol.
979 2538 1070 2583 Lat.
1107 2536 1141 2592 I,
1177 2555 1218 2600 p.
1257 2537 1365 2597 17.).
1451 2534 1564 2579 Nam

254 2618 396 2666 crines
417 2618 649 2666 artificiose
673 2619 873 2666 adornati
895 2618 1130 2665 maximum
1153 2625 1454 2663 ornamentum
1478 2613 1564 2660 vir-
