1677 3059
714 235 778 243 -
908 208 970 257 66
1090 235 1156 245 -

277 361 430 417 patens
465 359 507 395 et
541 346 725 414 Ibycum
760 347 945 412 propius
986 357 1195 411 tangens,
1229 351 1390 407 σχῆμα
1417 347 1592 411 Ἰβύκου

276 431 343 478 vel
375 432 569 493 ι’βυκειον
606 439 807 474 vocatum
850 427 1097 486 veteribus‚
1149 427 1355 476 haustum
1399 426 1510 475 illud
1541 446 1592 474 ex

278 527 478 558 sermone
507 507 789 572 popularium
811 525 993 556 suorum
1018 508 1336 571 Rheginorum.
1402 509 1470 555 De
1502 525 1591 572 quo

277 599 534 654 argumento
569 586 715 634 locum
747 588 993 637 Heraclidis
1031 588 1340 647 Grammatici‚
1389 590 1464 653 qui
1498 589 1592 655 pri-

277 670 442 719 marius
479 679 568 726 est,
615 687 835 734 apponam
869 669 1101 734 integrum.
1188 670 1231 716 Is
1265 669 1326 716 ita
1357 669 1492 717 tradit
1522 688 1591 735 ap.

277 750 476 800 Eustath.
514 749 679 817 Odyss.
716 751 814 808 VII,
855 752 987 810 197.‚
1035 769 1135 817 pag.
1175 752 1316 808 1576,
1353 751 1428 798 56.
1463 750 1592 798 Rom.

278 839 458 898 Ἰστέον,
489 835 550 883 ώς
582 835 703 894 εἴπερ
736 834 801 889 μὴ
837 833 1063 894 ἐγράφετο
1086 834 1406 882 Κατακλῶθές
1429 849 1479 878 τε
1511 839 1594 895 βα-

279 924 412 979 ρεῖαι,
448 914 573 961 άλλοὶ
602 913 947 970 κατακλώθησι
980 921 1162 977 βαρεῖα,
1196 904 1256 970 ἦν
1287 915 1347 959 ἄν
1380 914 1433 959 τὸ
1469 913 1596 973 ρ’ἧμα

280 1000 504 1056 Ῥηγίνων
531 997 805 1055 διαλέκτου,
837 997 882 1039 οἳ
911 1001 1024 1041 καθ’
1056 998 1352 1054 Ἡρακλείδην
1373 995 1436 1040 τά
1460 1000 1596 1054 τρίτα

279 1079 372 1123 τῶν
405 1076 647 1136 ὁριστικῶν
675 1079 1029 1137 περισπωμένων
1062 1076 1142 1131 τῆς
1169 1074 1352 1134 πρώτης
1385 1076 1598 1134 συζυγίας

282 1161 363 1204 καί
403 1158 495 1203 τών
538 1157 806 1219 βαρυτόνων
849 1159 898 1201 δέ
939 1156 1163 1216 ρἠμάτων
1206 1156 1332 1201 κατά
1362 1156 1416 1201 τὸ
1451 1156 1598 1203 ἑνικὸν

280 1243 338 1288 εἰς
371 1240 456 1295 τὴν
479 1229 538 1284 σῖ
570 1238 808 1300 συλλαβὴν
842 1237 1080 1296 περαιοῦσι
1115 1236 1199 1280 τοῦ
1233 1225 1269 1292 ἦ
1300 1237 1597 1296 παραλῆγον-

281 1337 381 1370 τος.
441 1321 495 1365 τὸ
530 1321 621 1380 γάρ
657 1324 782 1378 φιλεῖ
817 1319 897 1363 καί
931 1322 1029 1362 νοεῖ
1063 1318 1146 1361 καί
1185 1320 1304 1377 λέγει
1337 1318 1419 1362 καί
1460 1321 1598 1381 φέρει,

283 1406 470 1462 φίλησι,
525 1404 667 1462 φησί,
719 1402 799 1444 καί
829 1398 961 1454 νόησι
993 1398 1074 1442 καί
1105 1400 1263 1456 λέγησι
1301 1398 1381 1442 καί
1413 1401 1596 1458 φέρῃσι.

283 1485 493 1529 τοιοῦτον
542 1484 592 1526 δέ
636 1482 718 1526 καί
757 1480 811 1524 τὸ
866 1477 1098 1538 Λαμπρόν
1143 1481 1441 1536 παμφαίν-ησι
1485 1482 1595 1538 παρ’

284 1564 470 1624 Ὁμήρῳ
507 1559 575 1626 (Il.
611 1562 663 1608 V.
702 1560 796 1622 6.)‚
851 1560 1010 1621 ἅπαξ,
1053 1561 1193 1620 φησί,
1239 1561 1510 1620 χρησαμένῳ
1539 1558 1600 1617 τῇ

285 1649 509 1705 διαλέκτῳ
540 1644 614 1688 ἐπί
645 1640 827 1687 τούτου.
916 1646 1122 1686 καλεῖται
1154 1642 1203 1684 δέ
1237 1641 1318 1684 καί
1354 1640 1406 1686 τὸ
1439 1639 1599 1695 σχῆμα

284 1726 494 1789 Ἰβύκειον
523 1724 613 1770 ὑπὸ
648 1722 742 1768 τῶν
771 1721 1110 1782 γραμματικῶν
1139 1721 1218 1766 διά
1252 1721 1334 1767 τὸν
1353 1718 1600 1776 μελοποιὸν

285 1807 468 1863 δηλαδὴ
495 1804 700 1868 Ἴβυκον,
735 1802 1064 1861 φιληὸησαντα
1092 1802 1286 1858 τοιαύτῃ
1318 1800 1529 1860 γλώσσῃ.
1562 1801 1600 1843 εἰ

286 1889 376 1950 δή,
414 1904 557 1949 φησι,
595 1887 677 1931 καί
708 1884 761 1931 τὸ
795 1873 854 1947 ὦ,
889 1886 1123 1928 τουτέστιν
1157 1881 1382 1945 ὑπάρχω,
1417 1880 1600 1941 πρώτης

285 1970 382 2014 ἐστι’
413 1969 628 2026 συζυγίας
659 1969 784 2015 κατὰ
820 1965 874 2011 τὸ
910 1965 1058 2026 φιλῶ,
1095 1969 1177 2010 καί
1206 1967 1301 2009 ἐστι
1332 1967 1485 2023 τρίτον
1515 1965 1599 2008 αὕ-

285 2049 372 2094 τοῦ
413 2042 479 2110 εἴ,
543 2049 842 2110 δωριζὸμενον
883 2047 1011 2091 κατά
1059 2047 1294 2105 Ῥηγίνους
1335 2048 1496 2103 γένοιτ’
1541 2043 1600 2089 ἄν

284 2131 430 2191 ὁμοίω
473 2129 599 2191 λόγῳ
636 2133 689 2175 ἐκ
730 2128 900 2174 τούτου
945 2119 1052 2183 ἦσιν
1082 2128 1108 2172 ό
1157 2126 1352 2175 ἐνεστώς.
1441 2129 1602 2171 Ἰστέον

287 2215 360 2273 δέ,
394 2213 464 2256 ὅτι
498 2213 552 2255 οὐ
585 2211 685 2271 περί
715 2213 882 2271 τρίτων
909 2208 1294 2253 αύθυποτάκτων
1313 2209 1434 2252 ἐστίν
1467 2207 1493 2252 0‘
1523 2205 1599 2251 λό-

287 2308 395 2354 γος,
437 2293 599 2338 ὁποῖον
631 2291 685 2337 τὸ
721 2291 867 2353 λάβῃ,
915 2289 1069 2351 λάχῃ,
1112 2290 1158 2336 ἐξ
1193 2277 1258 2334 ὧν
1288 2289 1484 2350 λάβῃσι,
1518 2286 1598 2332 λά-

289 2391 449 2432 χῃσιν·
472 2402 532 2409 —-
578 2371 626 2418 id
660 2390 751 2419 non
782 2382 904 2418 acute
942 2369 1147 2415 discrevit
1181 2367 1498 2415 Pseud-mm.
1528 2369 1597 2415 vit.

289 2456 415 2500 Hom.
448 2472 490 2518 p.
515 2453 623 2501 288.
649 2453 724 2501 89.
761 2451 856 2499 Gal.
897 2482 956 2488 —
991 2453 1118 2496 αὐτοὶ
1149 2452 1240 2511 γάρ
1275 2453 1357 2496 καί
1385 2452 1474 2498 ὅσα
1505 2468 1599 2496 τοι-

291 2537 444 2597 αῦτα,
491 2538 546 2582 οὐ
583 2537 805 2594 Ῥηγίνων
835 2536 973 2595 εἰσίν,
1009 2533 1136 2579 άλλά
1168 2534 1340 2579 Ἰώνων.
1423 2531 1600 2596 Compi-

292 2612 391 2660 lavit
419 2616 610 2662 Varinus
641 2614 789 2677 Eclog.
826 2632 867 2679 p.
902 2614 1021 2670 308,
1063 2612 1127 2660 cll.
1153 2632 1196 2678 p.
1226 2616 1332 2663 339.
1393 2611 1597 2659 Dindorf.
