1677 3059
688 235 752 241 —-
869 207 961 254 194
1072 237 1134 244 —-

365 633 436 680 IV.
509 633 586 677 Ca
599 651 622 677 r
637 650 682 676 m
696 649 717 675 e
729 650 759 677 n
802 635 860 679 ίΙι
906 634 939 678 S
950 652 979 678 (1
992 652 1037 678 m
1053 653 1081 677 u
1095 653 1141 678 m
1186 635 1242 678 in
1254 652 1277 679 s
1289 652 1318 679 ιι
1331 632 1392 680 lu
1403 650 1461 678 m.

644 814 679 858 F
694 832 716 858 ι·
730 832 751 859 a
769 833 797 876 g
816 832 869 858 m.
929 814 1153 861 XXXVII.

382 909 526 970 Etym.
565 909 625 954 M.
663 928 704 972 p.
742 910 852 965 542,
889 910 962 955 51.
1001 908 1124 974 Sylb.

327 993 525 1052 Κυάρης.
548 989 657 1053 ’Ῑβυ
672 1007 791 1039 κος·
829 993 948 1036 Οὐδὲ
966 991 1155 1050 Κυάρης
1177 993 1204 1036 ὁ
1226 992 1397 1048 Μηὸὦν
1421 1008 1559 1052 στρα-

246 1073 406 1132 τηγόςε
426 1101 491 1107 -—
515 1076 628 1122 τινὲς
653 1076 883 1133 λέγουσιν,
911 1071 1008 1116 dm}
1032 1073 1117 1116 τοῦ
1138 1072 1387 1132 Κυαξάρης
1407 1076 1563 1132 γέγονε

246 1154 371 1198 κατὰ
414 1154 682 1212 συγκοπὴν·
732 1151 866 1199 ἄλλοι
910 1156 959 1197 δὲ
1001 1153 1098 1198 ἀπὸ
1143 1153 1229 1198 τοῦ
1271 1154 1394 1215 κυροὲ
1438 1157 1562 1200 κατὰ

244 1234 544 1290 πλεονασμόν.

377 1312 645 1380 Sylburgius
676 1331 759 1378 pro
792 1315 913 1376 πυροὶ
945 1312 1181 1376 legendum
1207 1314 1460 1379 suspicatur
1478 1317 1560 1361 2017-

243 1411 346 1457 ρος,
383 1411 435 1440 eo
462 1403 511 1440 ut
543 1392 720 1440 nomine
759 1394 835 1441 Sol
870 1414 894 1442 a
928 1395 1078 1443 Persis
1108 1394 1456 1458 significaretur,
1495 1406 1558 1442 te-

241 1474 385 1521 stibus
422 1485 464 1521 et
497 1472 593 1519 aliis
639 1485 678 1520 et
714 1475 949 1543 Hesychio.
1038 1475 1152 1522 Mihi
1186 1494 1288 1522 vero
1323 1493 1403 1524 cur
1436 1477 1561 1541 prior

243 1554 528 1602 Grammatici
563 1554 794 1619 explicatio
830 1557 1094 1613 satisfaciat,
1152 1555 1340 1620 explicui
1374 1556 1421 1603 in
1447 1557 1559 1603 Pro-

240 1635 355 1699 legg.
391 1655 434 1702 p.
469 1639 544 1687 70.
612 1636 786 1683 Ibidem
816 1636 967 1683 monui
1009 1637 1063 1684 de
1101 1636 1375 1684 dimensione
1423 1638 1559 1685 versi-

241 1716 326 1764 culi
357 1735 400 1782 p.
438 1719 512 1765 77.

370 1800 444 1845 Ne
488 1799 662 1862 Cym-es
711 1797 925 1864 quidem,
990 1797 1238 1844 Bledorum
1286 1801 1558 1862 imperator,

241 1876 422 1942 supple:
457 1877 570 1926 hanc
606 1879 873 1925 fortunatam
907 1877 1097 1925 insulam
1133 1879 1257 1944 cepit.
1337 1879 1558 1927 Videntur

240 1959 355 2006 enim
389 1958 499 2005 mihi-
526 1959 633 2007 haec
665 1958 801 2006 verba
836 1958 1043 2025 decerpta
1078 1978 1128 2006 ex
1164 1959 1354 2006 carmine
1395 1960 1555 2008 Samiis

239 2039 427 2104 scripto,
478 2051 525 2086 ut
559 2040 788 2106 professus
825 2056 924 2085 sum
959 2040 1004 2085 in
1041 2039 1178 2086 titulo
1269 2041 1381 2087 Nam
1418 2059 1562 2105 quum

240 2119 406 2167 incolae
441 2121 575 2170 Asiae
609 2120 799 2170 minoris*
822 2119 1050 2185 Lydorum
1079 2120 1414 2186 primorumque
1446 2122 1561 2169 Per-

239 2219 386 2246 sarum
410 2219 565 2264 regum
602 2201 733 2248 armis
757 2218 847 2247 non
872 2199 1145 2256 restitissent,
1183 2200 1262 2246 scd
1286 2201 1410 2248 fracti
1435 2201 1551 2248 bello

240 2280 322 2326 illis
355 2292 499 2328 essent
534 2281 726 2339 subditi,
772 2287 889 2328 τοῖσι
921 2282 1172 2340 νησιώτῃσι
1203 2273 1263 2339 ’ἧν
1295 2284 1440 2329 δεινὸν
1471 2285 1552 2329 οὐ·

239 2367 340 2423 δέν,
385 2361 447 2407 uti
482 2360 678 2427 loquitur
721 2360 929 2409 Herodot.
962 2362 994 2417 I,
1037 2361 1167 2419 143„
1221 2363 1297 2409 cfr.
1332 2361 1548 2409 Panofka.

237 2461 318 2488 rer.
356 2442 470 2488 Sam.
508 2462 550 2508 p.
572 2443 636 2489 29
658 2459 753 2506 sqq.
834 2441 1053 2504 Cyaxares
1090 2452 1233 2489 autem
1264 2460 1354 2489 non
1391 2440 1547 2487 dubito

238 2522 343 2585 quin
376 2522 685 2585 intelligendus
709 2522 763 2569 sit
795 2541 869 2570 rex
897 2523 966 2570 ille
1002 2522 1361 2569 bellicosissimus
1387 2521 1546 2568 Medo-

236 2620 330 2647 rum
379 2602 452 2664 qui
501 2602 647 2650 floruit
689 2604 787 2650 circ.
833 2604 902 2650 Ol.
950 2604 1145 2661 λλΧΙΙ,
1193 2605 1268 2668 qui
1314 2601 1544 2668 prostratis
