1677 3059
704 216 767 224 --
877 187 970 233 170
1078 214 1142 221 —

270 343 366 381 opus
390 334 502 366 esset.
561 328 623 368 De
650 327 785 368 eodem
817 326 1004 379 Geryone
1025 324 1117 364 Hes.
1139 325 1288 379 Theog.
1308 329 1398 366 294.
1425 331 1577 378 σταθμῷ

268 403 301 436 ἓν
327 399 484 448 ἠερόεντι.
541 398 627 436 Jam
654 395 938 437 emendabimus
969 402 1008 433 et
1034 394 1130 433 illud
1148 396 1255 434 διόιιτ
1287 395 1391 447 quod
1413 409 1460 434 ex
1484 395 1576 434 falsa

268 467 591 520 pronunciatione
637 473 768 505 ortum
815 463 1080 504 removebitur
1119 463 1333 502 certissime
1372 464 1575 503 scribendo

268 539 448 582 τηλόθι.
505 537 562 574 Ut
590 535 784 590 integrum
813 533 925 586 frgm.
954 532 1118 572 Stesich.
1148 534 1222 586 jam
1253 534 1328 572 hoc
1360 534 1431 572 sit:

326 607 463 652 Τηλόθι
487 604 639 654 γενικήθη
670 606 795 649 σχεδόν
820 606 1000 655 ἀντιπέραν
1026 607 1155 647 κλεινᾶς
1180 604 1385 653 Ἐρυθείας,

326 677 530 725 Ταρτησσοῦ
558 677 714 722 ποταμοῦ
739 675 833 724 παρὰ
859 677 971 722 πᾶγας
1001 673 1183 724 ἀπείρονας
1210 670 1471 724 ἅργυρορίζους,

319 747 354 780 ἐν
380 746 555 792 κευθμῶνι
583 747 728 794 πετραίῳ
742 769 1126 781 ..........

347 829 357 844 Ι
593 827 605 844 Ι
982 828 992 844 Ι

317 849 1185 864 *νυ--ῌνυ-υυ--ψυνῌ-

320 883 368 902 NJ

319 901 369 929 a&
469 916 478 931 r

319 937 1180 953 ——fflvu—UU—-UU——UU—Uv——

316 972 366 1017 ><
470 1001 482 1019 2

266 1065 431 1105 Correxi
458 1063 562 1116 quod
589 1068 802 1101 tenuerunt
829 1062 951 1101 adhuc
979 1063 1103 1111 παγάς.
1176 1062 1219 1099 ln
1248 1075 1294 1099 eo
1327 1068 1453 1099 tamen
1483 1058 1578 1097 mihi

264 1136 414 1174 Neuius
446 1134 469 1171 l.
499 1148 529 1172 c.
569 1146 697 1171 errare
735 1131 913 1180 videtur,
959 1132 1064 1183 quod
1091 1138 1314 1183 correptum
1341 1129 1437 1167 illud
1464 1147 1487 1167 α
1515 1128 1577 1167 Si-

265 1204 370 1242 culae
399 1201 550 1240 dialecti
580 1209 721 1240 censet.
777 1202 836 1238 Ex
865 1200 970 1253 epica
998 1200 1128 1253 potius
1158 1199 1268 1252 poesi
1292 1199 1467 1252 inprimis
1497 1199 1577 1237 He-

266 1272 365 1311 siodi
405 1270 575 1322 suscepit
603 1278 739 1323 poeta,
779 1270 841 1308 cui
875 1271 1130 1323 reputandum
1158 1276 1217 1307 est
1246 1268 1450 1322 legitimam
1480 1268 1577 1306 hanc

265 1341 552 1394 correptionem
580 1354 688 1388 esse,
732 1353 768 1378 v.
798 1341 849 1377 M.
881 1340 986 1378 Isler.
1016 1346 1178 1391 quaestt.
1204 1340 1295 1377 Hes.
1328 1352 1429 1391 spec.
1456 1352 1492 1390 p.
1525 1341 1576 1386 6.‚

265 1413 331 1466 qui
358 1412 499 1450 ibidem
526 1418 630 1449 recte
658 1409 758 1448 idem
787 1407 964 1447 obtinere
992 1410 1092 1461 apud
1117 1410 1329 1464 Tyrtaeum
1357 1406 1578 1446 observavit

265 1490 421 1522 secutus
451 1482 596 1518 Buttm.
627 1479 696 1517 Gr.
725 1477 834 1530 ampl.
866 1480 894 1527 Ι,
924 1495 959 1531 p.
990 1480 1079 1527 144,
1110 1488 1191 1517 not.
1223 1483 1307 1528 10.‚
1348 1479 1407 1517 cll.
1433 1479 1575 1516 Goett-

264 1553 357 1606 ling.
385 1549 502 1604 praef.
532 1551 623 1588 Hcs.
651 1564 687 1601 p.
712 1549 813 1586 XV1.
844 1572 894 1578 —
939 1549 1071 1586 Unum
1101 1549 1136 1585 h.
1164 1548 1187 1586 l.
1217 1549 1313 1586 addo
1344 1549 1389 1586 ad
1421 1548 1578 1603 Geryo-

266 1622 427 1660 neidem.
494 1619 556 1657 Ad
582 1619 693 1671 frgm.
724 1618 836 1665 vul,
876 1616 943 1655 ubi
975 1631 1102 1655 sermo
1135 1617 1180 1654 de
1209 1617 1377 1655 Hercule
1404 1631 1424 1654 a
1451 1616 1577 1655 Pholo

266 1689 462 1730 Centauro
493 1687 663 1740 hospitio
690 1694 874 1738 excepto,
903 1685 1074 1737 respexit
1101 1686 1266 1724 Theocr.
1294 1687 1379 1736 Vll,
1409 1687 1496 1725 149.

314 1754 409 1810 'Aput
438 1775 476 1807 γε
504 1774 555 1794 πω
582 1758 710 1795 τοιόνδε
739 1757 838 1794 Φόλω
867 1757 953 1794 κατὰ
978 1757 1094 1794 λάϊνον
1118 1755 1238 1806 ἄντρον

322 1828 461 1880 κρητῆρ’
492 1828 668 1878 “Ηρακλῆ“ι’
691 1830 798 1877 γέρων
824 1826 990 1863 ἐσπάσατο
1021 1831 1175 1876 Χείρωνς

268 1896 348 1937 Cfr.
377 1896 521 1935 Scholl.
548 1896 584 1934 h.
616 1895 639 1934 l.
670 1904 708 1934 et
735 1894 937 1933 Welcker.
961 1895 1057 1933 Tril.
1087 1895 1226 1933 Aesch.
1254 1910 1290 1946 p.
1317 1896 1402 1930 169.
1421 1916 1472 1923 -—

345 1965 499 2018 Adjicio
536 1965 576 2003 iu
604 1966 680 2004 fine
714 1964 816 2003 aliud
844 1964 955 2018 frgm.
981 1964 1195 2003 Stesichori
1220 1962 1372 2000 Kleinio
1402 1968 1574 2012 praetcr-

268 2035 451 2084 missum‚
500 2034 605 2086 quod
644 2041 702 2072 est
739 2034 779 2071 in
807 2034 953 2072 Scholl.
981 2033 1122 2071 Vaticc.
1153 2032 1191 2069 in
1222 2033 1358 2068 lncert.
1392 2029 1509 2067 Rhcs.
1538 2033 1572 2067 5.

263 2105 339 2143 “On
367 2112 401 2142 οἱ
432 2106 575 2155 ἀρχαῖοι
603 2109 651 2147 εἷς
678 2112 765 2154 τρεῖς
792 2107 950 2152 φυλακάς
976 2107 1116 2151 νέμουσι
1152 2103 1209 2146 τήν
1242 2102 1354 2139 νύκτα.
1416 2099 1575 2150 “Ομηρος

269 2178 305 2213 δὲ
343 2176 463 2213 ἆλλότε
502 2177 544 2220 δή
580 2176 681 2224 τριχὰ
708 2178 784 2220 ἔην,
822 2175 905 2222 μετὰ
932 2175 962 2211 δ’
985 2173 1095 2222 ἄστρα
1131 2172 1280 2220 βεβήκει.
1350 2174 1575 2214 Στησίχο-

269 2261 349 2295 ρος
380 2248 416 2282 δὲ
444 2245 463 2282 ὁ
492 2247 695 2293 σιλιιωνίδης,
734 2245 841 2282 πάππα
880 2244 949 2291 φύλ
969 2270 977 2279 .
997 2270 1006 2279 .
1027 2269 1036 2279 .
1059 2269 1067 2278 .
1108 2248 1214 2289 φησὶν
1242 2240 1485 2277 ὑποτίθεσθαι
1516 2241 1575 2285 τήν

269 2316 382 2351 νύκτα.
440 2314 518 2351 Pro
540 2315 558 2352 ὁ
581 2314 664 2367 lege
695 2321 771 2356 καὶ,
799 2326 870 2365 pro
899 2314 1006 2350 πάντα
1036 2315 1108 2360 (pv).
1126 2338 1134 2347 .
1154 2338 1163 2347 .
1181 2338 1189 2346 .
1210 2337 1219 2346 .
1249 2316 1375 2346 autem
1407 2309 1574 2356 πενταφύ-

269 2389 372 2422 λακοιν
411 2397 497 2421 cum
538 2383 577 2419 L.
619 2382 834 2421 Dindorfio.
885 2407 939 2413 ——
1013 2379 1190 2431 Denique
1221 2377 1372 2415 accedat
1407 2376 1572 2431 Dionys.

269 2453 398 2491 Thrax
427 2467 484 2504 ap.
509 2452 625 2491 Bekk.
655 2452 728 2490 An.
756 2468 792 2505 p.
822 2453 914 2501 845,
945 2455 1008 2490 26.
1037 2453 1258 2489 ἔνδοθεν,
1285 2451 1454 2490 ἔξοθειι
1481 2445 1574 2495 παρὰ

269 2524 498 2572 Σιηοιχόρῳς
527 2522 655 2560 eadem
685 2521 814 2560 VarIu.
848 2520 927 2559 Ecl.
955 2536 991 2572 p.
1020 2521 1111 2560 445.
1140 2517 1318 2557 Dindorf.
1373 2511 1453 2553 Csr.
1476 2514 1573 2552 Har—

273 2600 377 2644 [ung.
408 2593 454 2630 de
482 2606 574 2631 cass.
608 2607 643 2644 p.
675 2594 760 2629 176.
790 2614 843 2619 --
