<?xml version="1.0" encoding="UTF-8"?>
<!DOCTYPE html PUBLIC "-//W3C//DTD XHTML 1.0 Transitional//EN"
    "http://www.w3.org/TR/xhtml1/DTD/xhtml1-transitional.dtd">
<html xmlns="http://www.w3.org/1999/xhtml" xml:lang="en" lang="en">
 <head>
  <title>
</title>
<meta http-equiv="Content-Type" content="text/html;charset=utf-8" />
  <meta name='ocr-system' content='tesseract 3.04.00' />
  <meta name='ocr-capabilities' content='ocr_page ocr_carea ocr_par ocr_line ocrx_word'/>
</head>
<body>
  <div class='ocr_page' id='page_1' title='image "./ibycirheginicarm00schnuoft_0099.png"; bbox 0 0 1677 3059; ppageno 0'>
   <div class='ocr_carea' id='block_1_1' title="bbox 541 206 976 252">
    <p class='ocr_par' dir='ltr' id='par_1_1' title="bbox 541 206 976 252">
     <span class='ocr_line' id='line_1_1' title="bbox 541 206 976 252; baseline 0 -12"><span class='ocrx_word' id='word_1_1' title='bbox 541 232 604 240; x_wconf 79' lang='grc'><strong>-</strong></span> <span class='ocrx_word' id='word_1_2' title='bbox 726 206 787 252; x_wconf 81' lang='grc'><strong>69</strong></span> <span class='ocrx_word' id='word_1_3' title='bbox 912 233 976 240; x_wconf 81' lang='grc'><strong>-</strong></span> 
     </span>
    </p>
   </div>
   <div class='ocr_carea' id='block_1_2' title="bbox 97 342 1409 2659">
    <p class='ocr_par' dir='ltr' id='par_1_2' title="bbox 97 342 1409 2096">
     <span class='ocr_line' id='line_1_2' title="bbox 102 342 1406 411; baseline -0.003 -19"><span class='ocrx_word' id='word_1_4' title='bbox 102 347 310 402; x_wconf 87' lang='lat' dir='ltr'><strong>formam,</strong></span> <span class='ocrx_word' id='word_1_5' title='bbox 358 343 478 410; x_wconf 88' lang='lat' dir='ltr'><strong>quod</strong></span> <span class='ocrx_word' id='word_1_6' title='bbox 514 343 728 411; x_wconf 85' lang='lat' dir='ltr'><strong>dactylico</strong></span> <span class='ocrx_word' id='word_1_7' title='bbox 761 359 944 390; x_wconf 89' lang='lat' dir='ltr'><strong>numero</strong></span> <span class='ocrx_word' id='word_1_8' title='bbox 987 342 1161 406; x_wconf 84' lang='lat' dir='ltr'><strong>egregie</strong></span> <span class='ocrx_word' id='word_1_9' title='bbox 1197 342 1406 389; x_wconf 87' lang='lat' dir='ltr'><strong>convenit.</strong></span> 
     </span>
     <span class='ocr_line' id='line_1_3' title="bbox 98 421 1406 491; baseline -0.004 -18"><span class='ocrx_word' id='word_1_10' title='bbox 98 427 251 490; x_wconf 83' lang='lat' dir='ltr'><strong>Neque</strong></span> <span class='ocrx_word' id='word_1_11' title='bbox 285 437 429 473; x_wconf 83' lang='lat' dir='ltr'><strong>tamen</strong></span> <span class='ocrx_word' id='word_1_12' title='bbox 465 444 578 472; x_wconf 86' lang='lat' dir='ltr'><strong>unus</strong></span> <span class='ocrx_word' id='word_1_13' title='bbox 613 424 774 491; x_wconf 84' lang='lat' dir='ltr'><strong>Ibyeus</strong></span> <span class='ocrx_word' id='word_1_14' title='bbox 796 422 863 470; x_wconf 88' lang='lat' dir='ltr'><strong>his</strong></span> <span class='ocrx_word' id='word_1_15' title='bbox 890 423 1044 469; x_wconf 84' lang='lat' dir='ltr'><strong>formis</strong></span> <span class='ocrx_word' id='word_1_16' title='bbox 1068 421 1305 470; x_wconf 88' lang='lat' dir='ltr'><strong>delectatus</strong></span> <span class='ocrx_word' id='word_1_17' title='bbox 1331 432 1406 469; x_wconf 87' lang='lat' dir='ltr'><strong>est.</strong></span> 
     </span>
     <span class='ocr_line' id='line_1_4' title="bbox 98 500 1408 573; baseline -0.003 -21"><span class='ocrx_word' id='word_1_18' title='bbox 98 507 161 553; x_wconf 88' lang='lat' dir='ltr'><strong>Ita</strong></span> <span class='ocrx_word' id='word_1_19' title='bbox 196 507 354 573; x_wconf 83' lang='lat' dir='ltr'><strong>IIymu.</strong></span> <span class='ocrx_word' id='word_1_20' title='bbox 391 508 566 553; x_wconf 85' lang='lat' dir='ltr'><strong>Homer.</strong></span> <span class='ocrx_word' id='word_1_21' title='bbox 601 505 742 562; x_wconf 84' lang='lat' dir='ltr'>XXII,</span> <span class='ocrx_word' id='word_1_22' title='bbox 777 506 818 551; x_wconf 90' lang='lat'><strong>5.</strong></span> <span class='ocrx_word' id='word_1_23' title='bbox 855 510 1094 568; x_wconf 77' lang='grc' dir='ltr'><em>στίλβησι,</em></span> <span class='ocrx_word' id='word_1_24' title='bbox 1133 521 1264 569; x_wconf 86' lang='lat' dir='ltr'><strong>quam</strong></span> <span class='ocrx_word' id='word_1_25' title='bbox 1300 500 1408 549; x_wconf 88' lang='lat' dir='ltr'><strong>scri-</strong></span> 
     </span>
     <span class='ocr_line' id='line_1_5' title="bbox 97 581 1407 652; baseline -0.003 -20"><span class='ocrx_word' id='word_1_26' title='bbox 97 597 271 651; x_wconf 86' lang='lat' dir='ltr'><strong>pturam</strong></span> <span class='ocrx_word' id='word_1_27' title='bbox 297 584 443 652; x_wconf 84' lang='lat' dir='ltr'><strong>aperte</strong></span> <span class='ocrx_word' id='word_1_28' title='bbox 468 584 772 634; x_wconf 86' lang='lat' dir='ltr'><strong>commendant</strong></span> <span class='ocrx_word' id='word_1_29' title='bbox 790 584 970 646; x_wconf 84' lang='lat' dir='ltr'><strong>vestigia</strong></span> <span class='ocrx_word' id='word_1_30' title='bbox 994 584 1119 631; x_wconf 89' lang='lat' dir='ltr'>codd.</span> <span class='ocrx_word' id='word_1_31' title='bbox 1136 621 1147 639; x_wconf 83' lang='lat'><strong>,</strong></span> <span class='ocrx_word' id='word_1_32' title='bbox 1183 603 1219 629; x_wconf 79' lang='lat' dir='ltr'><strong>v.</strong></span> <span class='ocrx_word' id='word_1_33' title='bbox 1249 581 1407 630; x_wconf 85' lang='lat' dir='ltr'><strong>Frank.</strong></span> 
     </span>
     <span class='ocr_line' id='line_1_6' title="bbox 100 663 1409 734; baseline -0.002 -20"><span class='ocrx_word' id='word_1_34' title='bbox 100 667 157 714; x_wconf 86' lang='lat' dir='ltr'><strong>ad</strong></span> <span class='ocrx_word' id='word_1_35' title='bbox 188 667 336 734; x_wconf 87' lang='lat' dir='ltr'>hymn.</span> <span class='ocrx_word' id='word_1_36' title='bbox 372 669 535 723; x_wconf 73' lang='lat' dir='ltr'><strong>XXXI,</strong></span> <span class='ocrx_word' id='word_1_37' title='bbox 563 668 634 714; x_wconf 84' lang='lat'><strong>16.</strong></span> <span class='ocrx_word' id='word_1_38' title='bbox 683 663 888 729; x_wconf 81' lang='lat' dir='ltr'><strong>Bacchyl.</strong></span> <span class='ocrx_word' id='word_1_39' title='bbox 925 663 1053 726; x_wconf 84' lang='lat' dir='ltr'><strong>srgm.</strong></span> <span class='ocrx_word' id='word_1_40' title='bbox 1091 665 1250 712; x_wconf 53' lang='lat' dir='ltr'><strong>Mol.</strong></span> <span class='ocrx_word' id='word_1_41' title='bbox 1287 665 1409 711; x_wconf 78' lang='grc' dir='ltr'><em>θάλ-</em></span> 
     </span>
     <span class='ocr_line' id='line_1_7' title="bbox 99 743 1409 811; baseline -0.004 -16"><span class='ocrx_word' id='word_1_42' title='bbox 99 767 211 806; x_wconf 79' lang='grc' dir='ltr'>πησι</span> <span class='ocrx_word' id='word_1_43' title='bbox 249 759 289 794; x_wconf 87' lang='lat' dir='ltr'><strong>et</strong></span> <span class='ocrx_word' id='word_1_44' title='bbox 321 747 372 795; x_wconf 90' lang='lat' dir='ltr'><strong>al.</strong></span> <span class='ocrx_word' id='word_1_45' title='bbox 466 747 651 811; x_wconf 81' lang='lat' dir='ltr'>Saepius</span> <span class='ocrx_word' id='word_1_46' title='bbox 687 743 951 810; x_wconf 85' lang='lat' dir='ltr'>posteriores</span> <span class='ocrx_word' id='word_1_47' title='bbox 986 753 1140 807; x_wconf 88' lang='lat' dir='ltr'><strong>poetae</strong></span> <span class='ocrx_word' id='word_1_48' title='bbox 1176 745 1287 791; x_wconf 81' lang='lat' dir='ltr'><strong>hanc</strong></span> <span class='ocrx_word' id='word_1_49' title='bbox 1319 745 1409 790; x_wconf 87' lang='lat' dir='ltr'><strong>for-</strong></span> 
     </span>
     <span class='ocr_line' id='line_1_8' title="bbox 97 823 1409 892; baseline -0.005 -17"><span class='ocrx_word' id='word_1_50' title='bbox 97 847 212 875; x_wconf 88' lang='lat' dir='ltr'><strong>mam</strong></span> <span class='ocrx_word' id='word_1_51' title='bbox 246 828 524 892; x_wconf 83' lang='lat' dir='ltr'><strong>arripuerunt</strong></span> <span class='ocrx_word' id='word_1_52' title='bbox 556 827 615 883; x_wconf 88' lang='lat' dir='ltr'><strong>ii,</strong></span> <span class='ocrx_word' id='word_1_53' title='bbox 662 825 824 889; x_wconf 91' lang='lat' dir='ltr'><strong>quibus</strong></span> <span class='ocrx_word' id='word_1_54' title='bbox 861 823 1118 887; x_wconf 87' lang='lat' dir='ltr'><strong>contemptis</strong></span> <span class='ocrx_word' id='word_1_55' title='bbox 1153 823 1409 886; x_wconf 80' lang='lat' dir='ltr'>vulgaribus</span> 
     </span>
     <span class='ocr_line' id='line_1_9' title="bbox 98 903 1409 972; baseline -0.005 -16"><span class='ocrx_word' id='word_1_56' title='bbox 98 909 325 956; x_wconf 86' lang='lat' dir='ltr'><strong>abnormia</strong></span> <span class='ocrx_word' id='word_1_57' title='bbox 353 924 552 972; x_wconf 87' lang='lat' dir='ltr'><strong>quaeque</strong></span> <span class='ocrx_word' id='word_1_58' title='bbox 583 917 710 970; x_wconf 86' lang='lat' dir='ltr'><strong>atque</strong></span> <span class='ocrx_word' id='word_1_59' title='bbox 736 904 932 951; x_wconf 89' lang='lat' dir='ltr'><strong>obsoleta</strong></span> <span class='ocrx_word' id='word_1_60' title='bbox 963 905 1008 950; x_wconf 90' lang='lat' dir='ltr'><strong>iu</strong></span> <span class='ocrx_word' id='word_1_61' title='bbox 1034 903 1256 950; x_wconf 84' lang='lat' dir='ltr'><strong>amoribus</strong></span> <span class='ocrx_word' id='word_1_62' title='bbox 1280 914 1409 967; x_wconf 89' lang='lat' dir='ltr'><strong>atque</strong></span> 
     </span>
     <span class='ocr_line' id='line_1_10' title="bbox 98 983 1408 1050; baseline -0.005 -14"><span class='ocrx_word' id='word_1_63' title='bbox 98 988 266 1036; x_wconf 85' lang='lat' dir='ltr'><strong>deliciis</strong></span> <span class='ocrx_word' id='word_1_64' title='bbox 303 998 472 1044; x_wconf 85' lang='lat' dir='ltr'><strong>essent,</strong></span> <span class='ocrx_word' id='word_1_65' title='bbox 509 985 832 1033; x_wconf 80' lang='lat' dir='ltr'><strong>Alexandrinos</strong></span> <span class='ocrx_word' id='word_1_66' title='bbox 868 986 967 1032; x_wconf 84' lang='lat' dir='ltr'><strong>dico</strong></span> <span class='ocrx_word' id='word_1_67' title='bbox 1002 997 1043 1032; x_wconf 88' lang='lat' dir='ltr'><strong>et</strong></span> <span class='ocrx_word' id='word_1_68' title='bbox 1073 984 1148 1050; x_wconf 92' lang='lat' dir='ltr'><strong>qui</strong></span> <span class='ocrx_word' id='word_1_69' title='bbox 1181 1001 1310 1049; x_wconf 88' lang='lat' dir='ltr'><strong>pares</strong></span> <span class='ocrx_word' id='word_1_70' title='bbox 1341 983 1408 1029; x_wconf 92' lang='lat' dir='ltr'><strong>in-</strong></span> 
     </span>
     <span class='ocr_line' id='line_1_11' title="bbox 97 1063 1409 1131; baseline -0.004 -16"><span class='ocrx_word' id='word_1_71' title='bbox 97 1068 227 1131; x_wconf 86' lang='lat' dir='ltr'><strong>genio</strong></span> <span class='ocrx_word' id='word_1_72' title='bbox 264 1079 399 1115; x_wconf 89' lang='lat' dir='ltr'><strong>aetate</strong></span> <span class='ocrx_word' id='word_1_73' title='bbox 432 1078 782 1125; x_wconf 88' lang='lat' dir='ltr'><strong>antecesserunt,</strong></span> <span class='ocrx_word' id='word_1_74' title='bbox 838 1065 954 1114; x_wconf 84' lang='lat' dir='ltr'><strong>velut</strong></span> <span class='ocrx_word' id='word_1_75' title='bbox 996 1065 1241 1119; x_wconf 83' lang='lat' dir='ltr'><strong>Antimach.</strong></span> <span class='ocrx_word' id='word_1_76' title='bbox 1290 1063 1409 1131; x_wconf 84' lang='lat' dir='ltr'><strong>apud</strong></span> 
     </span>
     <span class='ocr_line' id='line_1_12' title="bbox 97 1146 726 1213; baseline -0.002 -18"><span class='ocrx_word' id='word_1_77' title='bbox 97 1147 243 1195; x_wconf 86' lang='lat' dir='ltr'><strong>Schol.</strong></span> <span class='ocrx_word' id='word_1_78' title='bbox 273 1149 358 1213; x_wconf 93' lang='lat' dir='ltr'><strong>Ap.</strong></span> <span class='ocrx_word' id='word_1_79' title='bbox 396 1146 480 1194; x_wconf 87' lang='lat' dir='ltr'><strong>Rh.</strong></span> <span class='ocrx_word' id='word_1_80' title='bbox 516 1148 550 1204; x_wconf 88' lang='lat' dir='ltr'><strong>I,</strong></span> <span class='ocrx_word' id='word_1_81' title='bbox 591 1148 726 1196; x_wconf 81' lang='lat'><strong>1008.</strong></span> 
     </span>
     <span class='ocr_line' id='line_1_13' title="bbox 190 1229 1296 1290; baseline -0.001 -16"><span class='ocrx_word' id='word_1_82' title='bbox 190 1230 304 1286; x_wconf 75' lang='grc' dir='ltr'><strong>ἠΰτε</strong></span> <span class='ocrx_word' id='word_1_83' title='bbox 335 1246 400 1279; x_wconf 82' lang='grc' dir='ltr'><strong>τις</strong></span> <span class='ocrx_word' id='word_1_84' title='bbox 433 1229 584 1285; x_wconf 79' lang='grc' dir='ltr'><strong><em>καύηξ</em></strong></span> <span class='ocrx_word' id='word_1_85' title='bbox 617 1230 733 1288; x_wconf 81' lang='grc' dir='ltr'><em>δύνῃ</em></span> <span class='ocrx_word' id='word_1_86' title='bbox 766 1233 809 1279; x_wconf 80' lang='grc' dir='ltr'><strong>ἐς</strong></span> <span class='ocrx_word' id='word_1_87' title='bbox 839 1229 1049 1289; x_wconf 73' lang='grc' dir='ltr'><em>ἁλμυρὸν</em></span> <span class='ocrx_word' id='word_1_88' title='bbox 1082 1234 1296 1290; x_wconf 72' lang='grc' dir='ltr'><strong>πέλαγος,</strong></span> 
     </span>
     <span class='ocr_line' id='line_1_14' title="bbox 97 1302 1408 1372; baseline 0 -18"><span class='ocrx_word' id='word_1_89' title='bbox 97 1308 361 1372; x_wconf 85' lang='lat' dir='ltr'><strong>Rutgersius</strong></span> <span class='ocrx_word' id='word_1_90' title='bbox 405 1309 465 1355; x_wconf 89' lang='lat' dir='ltr'><strong>ita</strong></span> <span class='ocrx_word' id='word_1_91' title='bbox 506 1308 784 1366; x_wconf 88' lang='lat' dir='ltr'><strong>emaculavit,</strong></span> <span class='ocrx_word' id='word_1_92' title='bbox 838 1319 886 1355; x_wconf 88' lang='lat' dir='ltr'><strong>ut</strong></span> <span class='ocrx_word' id='word_1_93' title='bbox 928 1309 1157 1367; x_wconf 80' lang='grc' dir='ltr'><em>δύπτῃσιν</em></span> <span class='ocrx_word' id='word_1_94' title='bbox 1192 1319 1233 1355; x_wconf 91' lang='lat' dir='ltr'><strong>et</strong></span> <span class='ocrx_word' id='word_1_95' title='bbox 1268 1302 1408 1364; x_wconf 75' lang='grc' dir='ltr'><em>οἶδμα</em></span> 
     </span>
     <span class='ocr_line' id='line_1_15' title="bbox 97 1386 1404 1453; baseline -0.002 -17"><span class='ocrx_word' id='word_1_96' title='bbox 97 1388 373 1445; x_wconf 81' lang='lat' dir='ltr'><strong>rescriberet,</strong></span> <span class='ocrx_word' id='word_1_97' title='bbox 408 1390 478 1436; x_wconf 88' lang='lat' dir='ltr'><strong>eui</strong></span> <span class='ocrx_word' id='word_1_98' title='bbox 505 1387 699 1436; x_wconf 85' lang='lat' dir='ltr'><strong>medelae</strong></span> <span class='ocrx_word' id='word_1_99' title='bbox 726 1388 984 1453; x_wconf 75' lang='lat' dir='ltr'>astipulatus</span> <span class='ocrx_word' id='word_1_100' title='bbox 1008 1400 1073 1435; x_wconf 86' lang='lat' dir='ltr'><strong>est</strong></span> <span class='ocrx_word' id='word_1_101' title='bbox 1096 1390 1142 1436; x_wconf 84' lang='lat' dir='ltr'><strong>F.</strong></span> <span class='ocrx_word' id='word_1_102' title='bbox 1170 1389 1223 1435; x_wconf 91' lang='lat' dir='ltr'><strong>A.</strong></span> <span class='ocrx_word' id='word_1_103' title='bbox 1252 1386 1404 1435; x_wconf 89' lang='lat' dir='ltr'><strong>Wolf.</strong></span> 
     </span>
     <span class='ocr_line' id='line_1_16' title="bbox 100 1462 1406 1535; baseline -0.003 -19"><span class='ocrx_word' id='word_1_104' title='bbox 100 1470 224 1535; x_wconf 85' lang='lat' dir='ltr'><strong>epist.</strong></span> <span class='ocrx_word' id='word_1_105' title='bbox 250 1469 307 1516; x_wconf 89' lang='lat' dir='ltr'><strong>ad</strong></span> <span class='ocrx_word' id='word_1_106' title='bbox 331 1468 656 1532; x_wconf 85' lang='lat' dir='ltr'><strong>Schellenberg.</strong></span> <span class='ocrx_word' id='word_1_107' title='bbox 689 1488 731 1534; x_wconf 92' lang='lat' dir='ltr'><strong>p.</strong></span> <span class='ocrx_word' id='word_1_108' title='bbox 763 1472 891 1528; x_wconf 81' lang='lat'><strong>125.,</strong></span> <span class='ocrx_word' id='word_1_109' title='bbox 926 1469 1011 1516; x_wconf 90' lang='lat' dir='ltr'><strong>nisi</strong></span> <span class='ocrx_word' id='word_1_110' title='bbox 1034 1468 1154 1533; x_wconf 89' lang='lat' dir='ltr'><strong>quod</strong></span> <span class='ocrx_word' id='word_1_111' title='bbox 1176 1462 1214 1516; x_wconf 68' lang='grc' dir='ltr'><em>ἶ</em></span> <span class='ocrx_word' id='word_1_112' title='bbox 1236 1467 1406 1532; x_wconf 86' lang='lat' dir='ltr'><strong>abjecto</strong></span> 
     </span>
     <span class='ocr_line' id='line_1_17' title="bbox 98 1544 1405 1615; baseline -0.003 -18"><span class='ocrx_word' id='word_1_113' title='bbox 98 1552 223 1612; x_wconf 78' lang='grc' dir='ltr'><em>ὕδωρ</em></span> <span class='ocrx_word' id='word_1_114' title='bbox 249 1568 330 1615; x_wconf 89' lang='lat' dir='ltr'><strong>pro</strong></span> <span class='ocrx_word' id='word_1_115' title='bbox 365 1544 505 1607; x_wconf 76' lang='grc' dir='ltr'><em>οἶδμα</em></span> <span class='ocrx_word' id='word_1_116' title='bbox 538 1548 787 1606; x_wconf 79' lang='lat' dir='ltr'><strong>substituit,</strong></span> <span class='ocrx_word' id='word_1_117' title='bbox 822 1550 1254 1615; x_wconf 83' lang='lat' dir='ltr'><strong>interpretamentum</strong></span> <span class='ocrx_word' id='word_1_118' title='bbox 1285 1558 1405 1596; x_wconf 88' lang='lat' dir='ltr'><strong>ratus</strong></span> 
     </span>
     <span class='ocr_line' id='line_1_18' title="bbox 98 1629 1406 1694; baseline -0.002 -17"><span class='ocrx_word' id='word_1_119' title='bbox 98 1636 305 1691; x_wconf 75' lang='grc' dir='ltr'><em>πέλαγος.</em></span> <span class='ocrx_word' id='word_1_120' title='bbox 361 1631 515 1694; x_wconf 89' lang='lat' dir='ltr'><strong>Neque</strong></span> <span class='ocrx_word' id='word_1_121' title='bbox 537 1648 585 1676; x_wconf 88' lang='lat' dir='ltr'><strong>ea</strong></span> <span class='ocrx_word' id='word_1_122' title='bbox 609 1629 801 1694; x_wconf 87' lang='lat' dir='ltr'><strong>suspicio</strong></span> <span class='ocrx_word' id='word_1_123' title='bbox 827 1630 1056 1677; x_wconf 82' lang='lat' dir='ltr'><strong>VVolfium</strong></span> <span class='ocrx_word' id='word_1_124' title='bbox 1079 1630 1242 1678; x_wconf 88' lang='lat' dir='ltr'><strong>fefellit.</strong></span> <span class='ocrx_word' id='word_1_125' title='bbox 1293 1630 1406 1676; x_wconf 88' lang='lat' dir='ltr'><strong>Nam</strong></span> 
     </span>
     <span class='ocr_line' id='line_1_19' title="bbox 100 1709 1404 1777; baseline 0 -21"><span class='ocrx_word' id='word_1_126' title='bbox 100 1709 196 1759; x_wconf 82' lang='lat' dir='ltr'><strong>eod.</strong></span> <span class='ocrx_word' id='word_1_127' title='bbox 222 1710 361 1757; x_wconf 86' lang='lat' dir='ltr'><strong>Paris.</strong></span> <span class='ocrx_word' id='word_1_128' title='bbox 392 1721 434 1757; x_wconf 89' lang='lat' dir='ltr'><strong>et</strong></span> <span class='ocrx_word' id='word_1_129' title='bbox 463 1711 621 1757; x_wconf 83' lang='grc' dir='ltr'><em>δύπτει</em></span> <span class='ocrx_word' id='word_1_130' title='bbox 656 1711 878 1773; x_wconf 84' lang='lat' dir='ltr'><strong>suggessit</strong></span> <span class='ocrx_word' id='word_1_131' title='bbox 899 1722 939 1758; x_wconf 91' lang='lat' dir='ltr'><strong>et</strong></span> <span class='ocrx_word' id='word_1_132' title='bbox 968 1713 1115 1777; x_wconf 88' lang='lat' dir='ltr'><strong>ipsum</strong></span> <span class='ocrx_word' id='word_1_133' title='bbox 1138 1711 1247 1761; x_wconf 86' lang='lat' dir='ltr'><strong>illud</strong></span> <span class='ocrx_word' id='word_1_134' title='bbox 1266 1711 1404 1772; x_wconf 82' lang='grc' dir='ltr'><em>ὕδωρ.</em></span> 
     </span>
     <span class='ocr_line' id='line_1_20' title="bbox 100 1789 1402 1856; baseline -0.001 -19"><span class='ocrx_word' id='word_1_135' title='bbox 100 1790 251 1853; x_wconf 83' lang='lat' dir='ltr'><strong>Quare</strong></span> <span class='ocrx_word' id='word_1_136' title='bbox 282 1791 370 1856; x_wconf 87' lang='lat' dir='ltr'><strong>jam</strong></span> <span class='ocrx_word' id='word_1_137' title='bbox 389 1809 479 1840; x_wconf 90' lang='lat' dir='ltr'><strong>non</strong></span> <span class='ocrx_word' id='word_1_138' title='bbox 501 1791 634 1840; x_wconf 85' lang='lat' dir='ltr'><strong>stabit</strong></span> <span class='ocrx_word' id='word_1_139' title='bbox 658 1790 904 1838; x_wconf 84' lang='lat' dir='ltr'><strong>emendatio</strong></span> <span class='ocrx_word' id='word_1_140' title='bbox 925 1792 1122 1840; x_wconf 88' lang='lat' dir='ltr'><strong>Jacobsii</strong></span> <span class='ocrx_word' id='word_1_141' title='bbox 1150 1789 1282 1838; x_wconf 81' lang='lat' dir='ltr'><strong>Anth.</strong></span> <span class='ocrx_word' id='word_1_142' title='bbox 1310 1789 1402 1837; x_wconf 83' lang='lat' dir='ltr'><strong>Pal.</strong></span> 
     </span>
     <span class='ocr_line' id='line_1_21' title="bbox 97 1872 1404 1937; baseline -0.002 -18"><span class='ocrx_word' id='word_1_143' title='bbox 97 1883 204 1920; x_wconf 88' lang='lat' dir='ltr'><strong>nott.</strong></span> <span class='ocrx_word' id='word_1_144' title='bbox 241 1872 349 1920; x_wconf 85' lang='lat' dir='ltr'><strong>eritt.</strong></span> <span class='ocrx_word' id='word_1_145' title='bbox 385 1890 428 1937; x_wconf 93' lang='lat' dir='ltr'><strong>p.</strong></span> <span class='ocrx_word' id='word_1_146' title='bbox 463 1872 570 1922; x_wconf 73' lang='lat'><strong>514.</strong></span> <span class='ocrx_word' id='word_1_147' title='bbox 605 1874 720 1932; x_wconf 78' lang='grc' dir='ltr'><em>ἠΰτε</em></span> <span class='ocrx_word' id='word_1_148' title='bbox 750 1889 817 1923; x_wconf 86' lang='grc' dir='ltr'><strong>τις</strong></span> <span class='ocrx_word' id='word_1_149' title='bbox 845 1873 996 1930; x_wconf 81' lang='grc' dir='ltr'><strong>καύηξ</strong></span> <span class='ocrx_word' id='word_1_150' title='bbox 1028 1874 1237 1935; x_wconf 74' lang='grc' dir='ltr'><em>ἁλμυρὸν</em></span> <span class='ocrx_word' id='word_1_151' title='bbox 1267 1875 1308 1923; x_wconf 78' lang='grc' dir='ltr'><strong>ἐς</strong></span> <span class='ocrx_word' id='word_1_152' title='bbox 1327 1875 1404 1918; x_wconf 86' lang='grc' dir='ltr'><strong>πέ-</strong></span> 
     </span>
     <span class='ocr_line' id='line_1_22' title="bbox 97 1951 1091 2015; baseline 0.002 -16"><span class='ocrx_word' id='word_1_153' title='bbox 97 1959 239 2015; x_wconf 84' lang='grc' dir='ltr'><strong><em>λαγος</em></strong></span> <span class='ocrx_word' id='word_1_154' title='bbox 271 1955 394 2013; x_wconf 82' lang='grc' dir='ltr'><em>Δύνῃ</em></span> <span class='ocrx_word' id='word_1_155' title='bbox 428 1970 507 1999; x_wconf 89' lang='lat' dir='ltr'><strong>seu</strong></span> <span class='ocrx_word' id='word_1_156' title='bbox 540 1954 707 2013; x_wconf 79' lang='grc' dir='ltr'><em>δύπτῃ.</em></span> <span class='ocrx_word' id='word_1_157' title='bbox 775 1951 1091 2002; x_wconf 89' lang='lat' dir='ltr'><strong>Scribendum:</strong></span> 
     </span>
     <span class='ocr_line' id='line_1_23' title="bbox 162 2033 1303 2096; baseline -0.001 -16"><span class='ocrx_word' id='word_1_158' title='bbox 162 2035 277 2092; x_wconf 79' lang='grc' dir='ltr'><em>ἠΰτε</em></span> <span class='ocrx_word' id='word_1_159' title='bbox 307 2051 374 2085; x_wconf 85' lang='grc' dir='ltr'><strong>τις</strong></span> <span class='ocrx_word' id='word_1_160' title='bbox 406 2034 558 2091; x_wconf 73' lang='grc' dir='ltr'><em>παύηξ</em></span> <span class='ocrx_word' id='word_1_161' title='bbox 591 2035 818 2091; x_wconf 80' lang='grc' dir='ltr'><em>δύπτ-ησιν</em></span> <span class='ocrx_word' id='word_1_162' title='bbox 850 2037 891 2084; x_wconf 82' lang='grc' dir='ltr'><strong>ἐς</strong></span> <span class='ocrx_word' id='word_1_163' title='bbox 924 2035 1133 2096; x_wconf 72' lang='grc' dir='ltr'><em>ᾴλμυρὸν</em></span> <span class='ocrx_word' id='word_1_164' title='bbox 1163 2033 1303 2095; x_wconf 79' lang='grc' dir='ltr'><em>ὕδωρ.</em></span> 
     </span>
    </p>

    <p class='ocr_par' dir='ltr' id='par_1_3' title="bbox 97 2105 1405 2340">
     <span class='ocr_line' id='line_1_24' title="bbox 101 2105 1405 2171; baseline 0.002 -13"><span class='ocrx_word' id='word_1_165' title='bbox 101 2111 301 2159; x_wconf 89' lang='lat' dir='ltr'><strong>Ceterum</strong></span> <span class='ocrx_word' id='word_1_166' title='bbox 334 2113 540 2162; x_wconf 86' lang='lat' dir='ltr'><strong>Wolfius</strong></span> <span class='ocrx_word' id='word_1_167' title='bbox 572 2113 598 2160; x_wconf 96' lang='lat' dir='ltr'><strong>l.</strong></span> <span class='ocrx_word' id='word_1_168' title='bbox 634 2132 668 2161; x_wconf 91' lang='lat' dir='ltr'><strong>c.</strong></span> <span class='ocrx_word' id='word_1_169' title='bbox 710 2112 755 2160; x_wconf 92' lang='lat' dir='ltr'><strong>Il.</strong></span> <span class='ocrx_word' id='word_1_170' title='bbox 791 2115 846 2171; x_wconf 86' lang='lat' dir='ltr'><strong>V,</strong></span> <span class='ocrx_word' id='word_1_171' title='bbox 887 2115 915 2161; x_wconf 92' lang='lat'>6</span> <span class='ocrx_word' id='word_1_172' title='bbox 952 2124 993 2160; x_wconf 90' lang='lat' dir='ltr'><strong>et</strong></span> <span class='ocrx_word' id='word_1_173' title='bbox 1022 2114 1097 2171; x_wconf 88' lang='lat' dir='ltr'><strong>IX,</strong></span> <span class='ocrx_word' id='word_1_174' title='bbox 1132 2116 1238 2160; x_wconf 80' lang='lat'><strong>323.</strong></span> <span class='ocrx_word' id='word_1_175' title='bbox 1267 2105 1405 2160; x_wconf 69' lang='lat' dir='ltr'><strong>Tab-</strong></span> 
     </span>
     <span class='ocr_line' id='line_1_25' title="bbox 97 2190 1405 2259; baseline 0.003 -23"><span class='ocrx_word' id='word_1_176' title='bbox 97 2190 336 2255; x_wconf 86' lang='lat' dir='ltr'><strong>jiciendum</strong></span> <span class='ocrx_word' id='word_1_177' title='bbox 371 2196 560 2251; x_wconf 82' lang='lat' dir='ltr'><strong>censuit3</strong></span> <span class='ocrx_word' id='word_1_178' title='bbox 612 2192 797 2259; x_wconf 89' lang='lat' dir='ltr'><strong>posthac</strong></span> <span class='ocrx_word' id='word_1_179' title='bbox 840 2192 1116 2241; x_wconf 84' lang='lat' dir='ltr'><strong>Heraclidem</strong></span> <span class='ocrx_word' id='word_1_180' title='bbox 1150 2206 1324 2241; x_wconf 85' lang='lat' dir='ltr'><strong>secutus</strong></span> <span class='ocrx_word' id='word_1_181' title='bbox 1358 2193 1405 2240; x_wconf 94' lang='lat' dir='ltr'><strong>in</strong></span> 
     </span>
     <span class='ocr_line' id='line_1_26' title="bbox 98 2270 1359 2340; baseline 0.003 -24"><span class='ocrx_word' id='word_1_182' title='bbox 98 2270 246 2336; x_wconf 91' lang='lat' dir='ltr'><strong>priore</strong></span> <span class='ocrx_word' id='word_1_183' title='bbox 264 2270 360 2318; x_wconf 88' lang='lat' dir='ltr'><strong>loeo</strong></span> <span class='ocrx_word' id='word_1_184' title='bbox 387 2275 623 2338; x_wconf 89' lang='lat' dir='ltr'><strong>acquievit,</strong></span> <span class='ocrx_word' id='word_1_185' title='bbox 660 2293 778 2321; x_wconf 79' lang='lat' dir='ltr'><strong>cons.</strong></span> <span class='ocrx_word' id='word_1_186' title='bbox 800 2273 953 2322; x_wconf 86' lang='lat' dir='ltr'><strong>Matth.</strong></span> <span class='ocrx_word' id='word_1_187' title='bbox 979 2274 1055 2320; x_wconf 89' lang='lat' dir='ltr'><strong>Gr.</strong></span> <span class='ocrx_word' id='word_1_188' title='bbox 1083 2274 1159 2321; x_wconf 84' lang='lat' dir='ltr'><strong>Gr.</strong></span> <span class='ocrx_word' id='word_1_189' title='bbox 1183 2294 1226 2340; x_wconf 90' lang='lat' dir='ltr'><strong>p.</strong></span> <span class='ocrx_word' id='word_1_190' title='bbox 1253 2275 1359 2323; x_wconf 82' lang='lat'><strong>385.</strong></span> 
     </span>
    </p>

    <p class='ocr_par' dir='ltr' id='par_1_4' title="bbox 100 2350 1408 2659">
     <span class='ocr_line' id='line_1_27' title="bbox 231 2350 1406 2420; baseline 0.003 -23"><span class='ocrx_word' id='word_1_191' title='bbox 231 2350 358 2413; x_wconf 80' lang='lat' dir='ltr'><strong>Quae</strong></span> <span class='ocrx_word' id='word_1_192' title='bbox 384 2365 607 2416; x_wconf 82' lang='lat' dir='ltr'><strong>praeterea</strong></span> <span class='ocrx_word' id='word_1_193' title='bbox 639 2356 686 2401; x_wconf 91' lang='lat' dir='ltr'><strong>in</strong></span> <span class='ocrx_word' id='word_1_194' title='bbox 719 2355 916 2420; x_wconf 87' lang='lat' dir='ltr'><strong>reliquiis</strong></span> <span class='ocrx_word' id='word_1_195' title='bbox 955 2366 1108 2420; x_wconf 83' lang='lat' dir='ltr'><strong>poetae</strong></span> <span class='ocrx_word' id='word_1_196' title='bbox 1142 2354 1349 2418; x_wconf 84' lang='lat' dir='ltr'><strong>leguntur</strong></span> <span class='ocrx_word' id='word_1_197' title='bbox 1381 2372 1406 2401; x_wconf 88' lang='lat' dir='ltr'><strong>a</strong></span> 
     </span>
     <span class='ocr_line' id='line_1_28' title="bbox 100 2430 1405 2500; baseline 0.003 -23"><span class='ocrx_word' id='word_1_198' title='bbox 100 2430 269 2494; x_wconf 84' lang='lat' dir='ltr'><strong>vulgari</strong></span> <span class='ocrx_word' id='word_1_199' title='bbox 303 2431 478 2479; x_wconf 84' lang='lat' dir='ltr'><strong>dicendi</strong></span> <span class='ocrx_word' id='word_1_200' title='bbox 508 2452 661 2481; x_wconf 86' lang='lat' dir='ltr'><strong>norma</strong></span> <span class='ocrx_word' id='word_1_201' title='bbox 692 2435 933 2500; x_wconf 86' lang='lat' dir='ltr'><strong>paullulum</strong></span> <span class='ocrx_word' id='word_1_202' title='bbox 965 2434 1183 2492; x_wconf 86' lang='lat' dir='ltr'><strong>distantia,</strong></span> <span class='ocrx_word' id='word_1_203' title='bbox 1220 2435 1311 2481; x_wconf 86' lang='lat' dir='ltr'><strong>suis</strong></span> <span class='ocrx_word' id='word_1_204' title='bbox 1341 2434 1405 2481; x_wconf 89' lang='lat' dir='ltr'><strong>lo-</strong></span> 
     </span>
     <span class='ocr_line' id='line_1_29' title="bbox 102 2512 1406 2580; baseline 0.001 -21"><span class='ocrx_word' id='word_1_205' title='bbox 102 2512 164 2559; x_wconf 88' lang='lat' dir='ltr'><strong>cis</strong></span> <span class='ocrx_word' id='word_1_206' title='bbox 207 2512 542 2578; x_wconf 84' lang='lat' dir='ltr'><strong>explanavimus.</strong></span> <span class='ocrx_word' id='word_1_207' title='bbox 629 2517 776 2565; x_wconf 89' lang='lat' dir='ltr'><strong>Unum</strong></span> <span class='ocrx_word' id='word_1_208' title='bbox 825 2534 915 2562; x_wconf 90' lang='lat' dir='ltr'><strong>nou</strong></span> <span class='ocrx_word' id='word_1_209' title='bbox 955 2533 1191 2580; x_wconf 88' lang='lat' dir='ltr'><strong>possumus</strong></span> <span class='ocrx_word' id='word_1_210' title='bbox 1235 2513 1406 2560; x_wconf 87' lang='lat' dir='ltr'><strong>silentio</strong></span> 
     </span>
     <span class='ocr_line' id='line_1_30' title="bbox 103 2592 1408 2659; baseline 0 -20"><span class='ocrx_word' id='word_1_211' title='bbox 103 2593 457 2658; x_wconf 83' lang='lat' dir='ltr'><strong>praetermittere.</strong></span> <span class='ocrx_word' id='word_1_212' title='bbox 526 2594 721 2657; x_wconf 84' lang='lat' dir='ltr'><strong>Dignum</strong></span> <span class='ocrx_word' id='word_1_213' title='bbox 752 2595 866 2641; x_wconf 89' lang='lat' dir='ltr'><strong>enim</strong></span> <span class='ocrx_word' id='word_1_214' title='bbox 894 2607 957 2643; x_wconf 88' lang='lat' dir='ltr'><strong>est</strong></span> <span class='ocrx_word' id='word_1_215' title='bbox 992 2606 1246 2652; x_wconf 88' lang='lat' dir='ltr'><strong>memoratu,</strong></span> <span class='ocrx_word' id='word_1_216' title='bbox 1287 2592 1408 2659; x_wconf 91' lang='lat' dir='ltr'><strong>quod</strong></span> 
     </span>
    </p>
   </div>
  </div>
 </body>
</html>
