1677 3059
530 233 596 241 —.
724 205 780 253 11
905 234 971 243 ..-

101 348 255 406 Voss.,
298 348 464 396 Meurs.
503 347 614 396 Cret.
650 363 691 412 p.
730 345 861 405 182,
919 345 1070 394 Muell.
1103 346 1234 394 Dorr.
1270 345 1323 393 ΙΙ.
1359 365 1400 412 p.

102 429 223 486 336,
254 429 501 497 Hesychius
526 428 661 493 igitur
685 429 744 476 ita
769 427 986 494 loquitur:
1022 429 1048 476 ὁ
1073 427 1204 490 παρὰ
1228 429 1406 490 Κρησίν

96 508 251 574 ’ζΒριος
281 513 557 574 ἐμβατ-ήριον
575 511 904 573 ποιησάμενος,
938 509 1048 571 ὅπερ
1078 511 1103 557 ὁ
1125 510 1251 574 ᾄδων
1279 509 1404 557 οὕτω

103 598 322 639 καλεῖται.
377 593 467 641 Pro
496 589 649 655 Ἴβριος
683 589 865 638 Salmas.
909 590 1064 654 Ἴβιος,
1099 592 1228 638 Voss.
1247 590 1405 655 Ἷβικος

102 670 169 719 vel
198 671 380 735 Ἴβυκος.
467 671 671 735 Quorum
699 672 782 720 hoc
815 689 966 719 verum
999 683 1064 720 est
1095 690 1255 721 unum:
1302 691 1402 721 narn

104 751 210 800 alias
236 753 275 800 is
300 755 377 819 qui
405 755 659 820 caneret‚4)
695 772 784 802 non
817 764 989 819 poterat
1021 753 1166 801 vocari
1201 756 1404 818 ἰβ-υκτήρ.

102 833 176 881 Ab
195 833 527 883 Hemsterhusio
549 834 670 902 apud
690 834 923 884 Albertum
948 834 990 882 h.
1012 834 1038 883 l.
1063 834 1283 900 discrepat
1305 854 1403 882 sen-

101 915 236 961 tentia
255 927 406 964 nostra
427 915 474 963 in
497 935 563 973 eo,
597 915 719 981 quod
748 927 850 982 post
871 916 1041 980 Ἰβυος,
1076 917 1136 964 ita
1162 917 1277 964 enim
1297 917 1405 965 scri-

100 993 189 1054 bit,
224 996 410 1046 fortasse
443 1000 622 1061 πρῶτος
658 999 872 1047 excidisee
905 1008 1040 1063 putat.
1108 999 1168 1046 At
1200 997 1302 1046 talia
1328 1003 1406 1056 ἑμ-

99 1080 299 1142 βατήρια
345 1097 588 1146 omnesque
629 1091 782 1127 cantus
835 1079 1040 1127 destinati
1083 1078 1262 1144 publico
1305 1080 1407 1127 usui

102 1159 420 1207 consuetudine
449 1160 654 1227 populari
696 1161 850 1209 sanciti
885 1179 910 1207 a
953 1159 1153 1226 patribus
1187 1179 1407 1227 propaga-

101 1238 266 1287 bantur
299 1239 357 1288 ad
389 1240 529 1301 filios,
563 1254 612 1290 ut
643 1241 886 1309 Phrynichi
923 1253 964 1288 et
996 1241 1235 1288 Stesichori
1268 1259 1409 1308 paean

104 1339 172 1388 ap.
216 1321 375 1370 Athen.
421 1324 494 1371 VI.
538 1343 581 1390 p.
614 1326 722 1371 250.
766 1325 844 1381 B.‚
895 1322 1149 1371 Archilochi
1195 1322 1409 1371 cantilena

106 1401 342 1470 Olympica
372 1403 501 1452 Pind.
536 1404 606 1452 Ol.
630 1407 706 1463 IX,
736 1405 776 1452 1.
808 1423 906 1452 cum
939 1404 1100 1452 Scholl.
1172 1403 1321 1467 Quare
1339 1404 1409 1451 in-

104 1483 270 1548 tellige:
305 1484 492 1552 Ibycus,
529 1487 604 1551 qui
641 1486 925 1535 Cretensibus
958 1488 1232 1550 ἐμβατήριον
1259 1484 1409 1533 nobile

105 1567 215 1614 illud
261 1578 301 1614 et
345 1577 497 1613 notum
544 1567 799 1632 composuit.
815 1568 859 1632 5)
893 1598 960 1606 —
1033 1569 1076 1616 Is
1110 1568 1240 1614 homo
1272 1585 1410 1632 quum

106 1648 235 1712 vulgo
270 1649 415 1695 minus
436 1658 567 1695 notus
601 1660 739 1707 esset,
775 1648 902 1696 facile
929 1648 1092 1715 impelli
1112 1659 1284 1713 poterat
1308 1648 1411 1695 Sui-

106 1728 211 1787 das,
246 1740 294 1777 ut
327 1729 386 1777 ad
417 1729 680 1777 nobiliorem
708 1741 882 1796 poetam
903 1729 1156 1793 Rheginum
1190 1730 1411 1795 pertinere

105 1811 383 1876 opinaretur,
421 1811 542 1876 quod
573 1811 627 1858 de
658 1811 922 1874 ignobiliore
954 1810 1149 1857 Cretensi
1170 1809 1243 1857 illo
1266 1821 1410 1856 trans-

105 1893 287 1940 missum
331 1911 358 1940 a
390 1892 610 1940 veteribus
641 1893 918 1959 repperisset.
1011 1890 1162 1954 Quare
1194 1891 1261 1938 vel
1292 1890 1411 1949 huic,

242 2078 329 2100 cum
356 2067 513 2110 vocavit3
544 2081 599 2116 ap.
631 2067 748 2115 Etym.
777 2067 830 2102 M.
857 2079 884 2101 s.
907 2080 938 2100 v.
959 2079 994 2113 p.
1018 2062 1109 2102 464.
1140 2062 1212 2111 ἴβιξ
1233 2061 1412 2099 scribitur.

241 2130 336 2179 Lege
364 2132 557 2168 VVelcker.
585 2133 721 2182 Trilog.
748 2131 879 2167 Aeseh.
907 2144 941 2179 p.
965 2130 1055 2167 479.

164 2213 207 2262 4)
234 2215 392 2265 Intellige
421 2232 523 2262 eum,
549 2219 609 2266 qui
634 2232 721 2254 voce
750 2217 915 2266 praeiret.
972 2215 1079 2264 Apud
1107 2210 1412 2249 Lacedaemonios

244 2294 305 2316 rex
331 2290 474 2318 cautum
502 2285 613 2319 ordiri
639 2285 786 2320 solebat.

162 2365 206 2413 5)
233 2366 289 2401 De
319 2366 519 2402 embateriis
546 2369 617 2405 vid.
644 2369 810 2404 Mueller.
837 2369 947 2403 Dorr.
975 2366 998 2401 l.
1025 2378 1076 2408 c.,
1106 2363 1164 2399 cui
1193 2363 1283 2397 adde
1313 2362 1412 2397 Serv.

244 2434 396 2470 Centim.
415 2449 449 2482 p·
471 2434 584 2469 1820.
605 2434 749 2469 Putsch.
770 2431 1035 2468 „Embaterium
1058 2437 1107 2464 est
1127 2428 1312 2475 proprium
1333 2440 1413 2461 ear-

241 2514 324 2535 men
354 2499 732 2535 Lacedaemoniorum.
802 2499 843 2534 Id
872 2499 908 2533 in
944 2495 1086 2545 praeliis
1123 2494 1167 2528 ad
1198 2492 1412 2527 incentivum

239 2567 368 2601 virium
406 2580 471 2614 per
503 2564 604 2600 tibias
644 2571 796 2609 canunt,
845 2562 1050 2600 incedentes
1083 2559 1129 2596 ad
1166 2558 1296 2607 pedem
1335 2565 1413 2593 ante

241 2632 356 2680 ipsum
387 2643 528 2681 pugnae
556 2630 729 2666 initium.«
