1677 3059
690 258 757 269 .-.
885 230 950 276 50
1071 256 1137 265 -.

256 371 493 419 discrimen
534 370 650 417 inter
682 379 913 433 utramque
955 366 1279 416 intercessisse:
1342 367 1571 432 loquentes

259 452 531 500 inducuntur
564 466 808 515 personae,
859 460 908 495 ut
941 448 996 495 ab
1034 447 1169 513 epicis
1203 449 1370 513 poetis,
1419 449 1479 497 ita
1515 450 1572 496 ab

258 534 411 600 Ibyco,
444 551 481 578 v.
509 532 682 593 frgmm.
708 529 892 585 XXVII,
918 529 1042 586 LIV;
1077 528 1132 576 de
1159 529 1343 576 Stesich.
1365 548 1402 576 v.
1427 530 1572 592 Quin-

260 613 346 669 til.;
392 611 565 659 numeri
600 609 692 656 fere
729 609 955 677 dactylici,
1001 627 1136 675 supra
1170 609 1336 656 heroici
1369 612 1573 658 carminis

259 710 512 740 mensuram
541 709 630 738 non
664 709 765 737 raro
803 691 1111 747 exuberantes;
1161 690 1373 738 dialectus
1407 703 1575 739 servata

261 774 513 839 epicorum,
552 772 753 820 admixtis
786 771 940 818 formis
978 772 1152 829 Doriis,
1199 783 1248 818 ut
1282 791 1364 837 par
1392 783 1505 831 erat,
1550 791 1577 820 a

261 855 451 902 ehoricis
486 855 627 919 poetis
663 851 982 910 Doriensibns3
1030 852 1097 899 vel
1136 853 1223 918 ipsi
1260 853 1374 900 tituli
1418 854 1576 900 carmi-

262 935 396 982 nibus
427 933 608 1000 praefixi
653 931 983 979 similitudinem
1018 934 1182 980 heroici
1218 933 1423 981 carminis
1456 936 1576 981 evin-

263 1027 391 1074 cunt,
425 1016 489 1062 uti
520 1019 650 1061 Ἰλίου
685 1016 863 1075 πέρσις,
899 1020 1169 1076 Γηρυονηϊς,
1204 1017 1399 1078 Κύκνος,
1428 1007 1577 1062 3402oe

260 1102 336 1144 ἐπί
377 1103 519 1160 Πελίᾳ
562 1093 648 1159 (cll.
696 1093 823 1138 Hom.
857 1090 904 1137 Il.
943 1092 1230 1156 inscriptione
1273 1093 1375 1140 libri
1413 1096 1572 1142 XXIH.

258 1171 402 1227 ⁹:462&
430 1180 504 1223 ἐπί
535 1174 831 1235 Πατρόκλῳ).
895 1171 1026 1218 Unde
1059 1171 1320 1236 explicatur,
1357 1193 1436 1222 cur
1461 1188 1576 1223 vete-

262 1257 388 1303 ribus
411 1254 589 1302 Homeri
614 1251 858 1299 simillimus
879 1251 999 1298 visus
1026 1253 1095 1311 sit,
1131 1273 1167 1299 v.
1189 1252 1331 1300 Klein.
1355 1274 1398 1320 p.
1423 1259 1487 1303 32
1509 1274 1574 1321 sq.

262 1336 377 1384 Illud
404 1354 485 1401 per
513 1334 670 1381 accidit
697 1334 873 1390 mirum,
909 1333 1032 1398 quod
1057 1333 1311 1400 Ibyciorum
1333 1336 1575 1384 carminum

262 1436 318 1465 ne
349 1434 465 1463 unus
501 1414 681 1479 quidem
719 1413 894 1471 titulus,
933 1415 1054 1478 quod
1090 1413 1267 1479 quidem
1304 1428 1575 1482 compertum

262 1498 473 1554 habeam,
509 1494 714 1560 proditus
750 1506 815 1540 est
848 1513 874 1541 a
907 1496 1150 1542 veteribus:
1189 1514 1325 1560 quum
1359 1497 1453 1561 ejus
1479 1515 1575 1544 car-

261 1579 382 1627 mina
423 1587 591 1642 septem
633 1573 759 1620 libris
795 1575 1113 1640 comprehensa
1152 1576 1385 1623 tradantur
1421 1575 1575 1636 fuisse,

261 1657 532 1706 Stesichoria
567 1667 710 1702 antem
734 1655 889 1717 viginti
919 1673 993 1702 sex
1019 1656 1349 1723 compleverint,
1383 1666 1577 1704 statuen-

263 1740 370 1787 dum
411 1737 608 1794 videtur,
657 1754 802 1800 neque
835 1746 925 1781 tam
959 1737 1094 1784 multa
1135 1755 1280 1800 neque
1318 1747 1406 1784 tam
1441 1737 1575 1803 ampli

262 1819 452 1867 ambitus
479 1817 672 1865 carmina
698 1816 952 1879 Rheginum
978 1819 1215 1884 pepigisse,
1252 1818 1386 1865 modo
1407 1819 1454 1865 in
1481 1819 1574 1865 dis-

261 1897 494 1965 pescendis
525 1896 794 1945 carminibus
829 1915 1009 1963 operam
1031 1918 1157 1946 suam
1184 1899 1339 1946 eodem
1367 1899 1453 1946 fine
1477 1917 1573 1946 mo-

263 1980 402 2027 derati
437 1989 540 2026 sunt
576 1977 872 2025 Grammatici.

392 2061 514 2107 Licet
557 2071 703 2106 tamen
746 2058 815 2104 his
857 2061 1058 2125 praedita
1100 2061 1333 2108 virtutibus
1381 2059 1573 2106 carmina

260 2141 384 2208 Ibyci
419 2152 459 2188 et
504 2139 745 2187 Stesichori
779 2141 837 2187 ad
867 2141 1145 2189 heroicorum
1180 2153 1379 2188 naturam
1416 2141 1572 2187 carmi-

257 2240 365 2267 num
394 2221 653 2285 aspirarent,
687 2231 831 2269 tamen
864 2234 968 2280 erat,
1006 2223 1168 2288 quibus
1194 2223 1248 2269 ab
1282 2221 1366 2268 illis
1392 2221 1571 2268 recede-

258 2313 354 2348 rent
387 2320 477 2348 non
512 2301 673 2348 leviter.
741 2304 803 2350 Ut
830 2302 1011 2350 mirifice
1047 2304 1144 2350 salsi
1182 2305 1293 2360 sint,
1331 2303 1367 2348 si
1404 2301 1479 2366 qui
1515 2301 1569 2348 de

257 2382 507 2430 Stesichoro
544 2384 668 2449 epico
706 2384 921 2447 cogitant,
958 2385 1020 2430 uti
1056 2385 1313 2430 Molinikius
1350 2383 1474 2439 fecit,
1521 2382 1567 2428 in

255 2463 351 2509 hist.
377 2465 435 2511 lit.
466 2465 542 2511 Gr.
565 2485 607 2531 p.
632 2468 739 2512 303.
808 2464 917 2509 Nam
943 2469 1141 2527 Ὅμηρος
1173 2473 1255 2522 μέν
1285 2470 1373 2521 ἔπη
1408 2469 1564 2526 ἐποίει,

250 2552 523 2607 Στησίχορος
543 2552 592 2592 δὲ
609 2547 848 2602 μελοποιὸς
865 2537 942 2607 ἦν,
971 2546 1102 2593 verba
1125 2559 1227 2594 sunt
1249 2546 1377 2592 Dion.
1407 2544 1560 2609 Chrys.

253 2623 300 2667 11.
340 2642 376 2685 p.
407 2626 511 2670 284.
583 2625 718 2671 Erant
751 2625 865 2671 enim
901 2625 1007 2673 haec
1045 2628 1236 2674 carmina
1272 2645 1360 2673 non
1397 2625 1452 2672 ad
1490 2642 1559 2670 res
