1677 3059
657 242 723 249 —-
841 224 920 259 xiv
1038 239 1099 246 —

222 355 426 403 bularum
473 353 670 400 eiusdem
706 354 904 416 generis,
955 353 1000 398 in
1041 352 1204 417 quibus
1250 354 1376 402 facile
1425 368 1538 404 esset

222 443 378 491 multas
406 440 615 506 reperire,
653 439 816 503 quibus
839 439 901 486 dii
924 439 1051 485 etiam
1075 440 1357 504 impotentius
1389 461 1534 491 amare

221 543 264 578 et
299 528 501 577 acerbius
544 526 613 572 uri
648 537 945 573 narrarentur.
1026 526 1165 591 Atqui
1201 526 1246 573 hi
1284 527 1372 574 duo
1407 530 1535 594 pueri

220 616 402 664 Troiani
437 613 614 678 saepius
648 612 704 659 ab
739 612 931 677 antiquis
966 614 1108 678 poetis
1141 614 1254 660 inter
1287 632 1334 661 se
1357 634 1535 682 compo-

220 716 413 762 nuntur,
459 702 539 749 sed
573 711 757 766 propter
789 699 931 748 varias
969 720 1159 750 caussas.
1228 703 1341 750 Nam
1371 703 1534 750 Home-

220 794 300 841 rici
346 792 393 838 in
434 793 652 837 Venerem
699 786 853 854 hymni
895 806 931 834 v.
966 793 1064 836 202
1096 807 1192 855 sqq.
1241 788 1311 836 his
1357 789 1535 837 duobus

221 878 430 945 exemplis
455 876 510 923 ab
535 875 632 939 ipsa
658 877 828 921 Yenere
854 875 974 940 apud
994 876 1235 923 Anchisem
1257 876 1531 925 demonstra-

220 981 315 1025 tur,
377 965 596 1011 Troianae
651 962 886 1027 prosapiae
931 980 1078 1009 amore
1129 974 1170 1010 et
1217 965 1536 1012 consuetudine

219 1055 333 1113 frui,
370 1052 599 1116 antiquum
631 1068 727 1097 esse
764 1050 849 1097 diis
887 1048 1120 1116 Olympiis.
1191 1051 1329 1116 Apud
1356 1051 1536 1118 Euripi-

221 1141 323 1188 dem
358 1150 528 1195 autem,
567 1137 794 1184 Troadum
825 1157 862 1184 v.
902 1138 999 1185 826
1025 1156 1146 1202 sqq,
1184 1136 1344 1185 chorus
1379 1139 1536 1186 Troia-

220 1246 305 1275 nus
333 1225 641 1291 conqueritur,
679 1225 801 1290 quod
828 1224 1102 1291 Ganymedis
1137 1236 1178 1272 et
1208 1225 1388 1273 Tithoni
1415 1244 1538 1273 amor

221 1314 575 1378 gaudiorumque
609 1312 820 1358 memoria
854 1331 998 1377 neque
1030 1313 1175 1359 Iovem
1209 1331 1354 1377 neque
1388 1314 1536 1360 Auro-

221 1421 316 1448 ram
351 1401 409 1448 ad
454 1399 634 1446 Troiam
671 1399 726 1446 ab
773 1400 942 1446 excidio
990 1399 1316 1447 defendendam
1359 1418 1536 1465 permo-

221 1489 353 1546 verit3
389 1490 452 1535 τὰ
484 1491 608 1535 θεῶν
646 1493 695 1534 δέ·
729 1495 900 1550 φίλτρα
941 1491 1125 1550 φροῦδα
1165 1493 1318 1550 Τροίᾳ.
1398 1487 1535 1552 Apud

220 1579 429 1624 Nomium
465 1575 680 1640 denique,
716 1577 814 1633 XV,
850 1576 988 1633 278,
1029 1577 1232 1642 Hymnus
1270 1585 1422 1639 pastor
1455 1575 1534 1621 Ni-

223 1682 368 1711 caeam
406 1662 631 1721 obsecrat,
689 1682 745 1710 ne
786 1662 976 1728 pastoris
1023 1681 1215 1709 amorem
1264 1672 1538 1726 aspernetur,

221 1751 277 1798 ab
301 1751 410 1816 ipsis
437 1750 697 1797 numinibus
728 1769 817 1797 non
844 1759 1120 1795 contemtum.
1187 1747 1412 1795 Adscribo
1443 1766 1539 1795 ver-

221 1856 297 1885 sus
332 1838 446 1885 sicut
477 1848 593 1884 reete
622 1857 696 1885 eos
730 1838 954 1885 constituit
989 1835 1241 1883 Fridericus
1276 1835 1461 1884 Graefe:

323 1927 528 1976 Τιθωνὸς
553 1927 720 1987 ρὀδόεις
741 1931 845 1971 πέλε
866 1927 1105 1989 βουκόλος,
1142 1926 1193 1973 ὃν
1214 1925 1294 1971 διὰ
1316 1924 1502 1985 μορφὴν

320 2018 482 2074 δίφρον
502 2014 576 2060 ἑόν
600 2013 815 2069 στήσασα
843 2014 1097 2074 φαεςφόρος
1117 2014 1324 2074 ἥρπασεν
1347 2012 1463 2060 Ἠώς.

319 2105 415 2149 Καί
441 2102 543 2150 Διός
567 2100 770 2153 οἰνοχόος
791 2104 894 2145 πέλε
915 2101 1162 2162 βουκόλος,
1196 2100 1249 2146 ὃν
1267 2099 1344 2145 διὰ
1369 2098 1535 2146 κάλλος

320 2192 604 2248 φειδομένως
623 2188 862 2240 ὀνύχεσσιν
884 2187 1121 2246 ἐκούφισεν
1139 2186 1356 2244 ὑψιπετής
1378 2185 1500 2235 Ζεύς.

222 2279 556 2330 Verumtamen,
591 2293 690 2321 cum
724 2273 889 2339 Ibyeus
922 2291 1066 2338 neque
1093 2272 1252 2318 Troiae
1285 2271 1535 2319 felicitatem

223 2363 450 2420 extollere,
497 2380 641 2426 neque
676 2380 826 2408 casum
863 2361 956 2408 eius
993 2359 1117 2406 urbis
1153 2357 1330 2422 lugere,
1389 2375 1532 2422 neque

221 2450 475 2516 pastoribus
521 2450 567 2495 in
603 2467 750 2496 amore
785 2447 1051 2515 patrocinari
1092 2445 1178 2493 sibi
1213 2445 1532 2512 proposuisset,

223 2536 305 2584 alia
340 2538 507 2584 ratione
542 2555 655 2603 opus
689 2537 795 2594 fuit,
834 2555 883 2583 ex
920 2553 1007 2599 qua
1034 2534 1112 2581 hos
1138 2533 1323 2580 deorum
1347 2547 1531 2585 amores,

223 2624 525 2692 Ganymedem
563 2636 604 2672 et
648 2624 887 2672 Tithonum
925 2621 1050 2679 dico,
1107 2628 1397 2685 componeret.
1477 2617 1530 2663 Et
