1677 3059
701 252 765 257 -
868 234 982 267 111111
1081 215 1213 257 ---’

266 363 311 410 111
346 362 597 409 subsidium
624 362 768 407 vocari
802 372 983 426 poterat.
1055 362 1206 425 Itaque
1227 364 1353 411 ctiam
1377 364 1575 431 Ibycum,

265 448 546 511 intelligitur,
584 448 696 494 sieut
721 449 1040 494 Anacreontem
1067 459 1108 494 61
1138 448 1375 497 Aeolenses
1399 451 1576 518 lyricos,

266 536 379 582 bella
416 555 441 582 a
476 538 646 582 Venere
681 553 846 581 rursus
876 545 1006 581 mola
1039 535 1186 582 multis
1212 536 1480 584 carminibus
1507 557 1575 585 ee-

266 623 437 669 cinisse.
533 622 737 668 Fortasse
784 623 911 668 etiam
966 623 1108 668 maior
1152 633 1243 668 erat
1298 624 1577 671 necessitudo

266 708 405 773 Ibyco
442 727 541 755 cum
565 708 843 755 Anacreonte
881 727 1011 773 quam
1044 727 1141 755 cum
1178 710 1357 755 caeteris
1393 710 1502 767 illis,
1538 722 1579 757 et

265 807 436 860 poterat
476 814 580 842 sane
616 794 723 840 alter
748 806 879 860 poeta
913 795 968 841 ab
1003 795 1137 842 altero
1166 796 1210 842 in
1237 808 1326 843 arte
1348 795 1577 861 proficere,

267 903 365 929 curn
400 894 584 946 uterque
620 882 665 927 in
702 881 835 927 Samo
870 882 1015 929 insula
1048 883 1168 948 apud
1202 883 1477 951 Polycratem
1510 895 1579 951 ty-

266 990 454 1018 rannum
486 980 655 1034 partem
685 968 796 1015 vitae
831 969 1144 1033 transigerent.⁴

398 1056 600 1104 Advertit
634 1055 741 1102 haee
769 1056 920 1102 Sami
951 1056 1114 1102 mentio
1140 1055 1333 1104 animum
1352 1075 1498 1104 meum
1522 1056 1579 1104 ad

267 1147 562 1208 fragmentum
595 1141 732 1200 illud,
769 1142 890 1207 quod
924 1161 1068 1207 neque
1096 1163 1196 1190 eum
1227 1143 1405 1191 heroico
1436 1162 1580 1208 neque

267 1252 366 1280 cum
402 1230 613 1277 amatorio
649 1241 907 1292 argumento
950 1231 1231 1278 coniunctum
1265 1231 1402 1277 fuisse
1438 1230 1581 1277 credi-

268 1319 378 1365 bile:
435 1322 541 1364 οὐδὲ
580 1318 768 1378 Κυάρης
812 1320 837 1364 ὁ
881 1320 1054 1375 Μήδων
1098 1320 1357 1380 στρατηγός
1402 1317 1577 1381 (fragm.

267 1405 528 1466 XXXVII.)
599 1403 651 1448 Id
687 1404 802 1449 6111111
836 1405 1056 1468 pertinere
1089 1405 1146 1451 ad
1178 1405 1359 1451 Samum
1393 1404 1582 1451 insulam

269 1511 293 1538 a
328 1491 474 1537 Medis
511 1490 599 1536 sive
644 1490 794 1536 Persis
837 1509 929 1536 non
965 1502 1063 1537 ante
1101 1491 1335 1556 Cambysis
1382 1504 1580 1557 tempora

269 1579 481 1625 devictam
521 1588 562 1623 61
597 1589 875 1641 occupatam,
935 1589 984 1624 111
1019 1578 1098 1624 tibi
1131 1578 1305 1625 credam
1340 1578 1466 1625 facile
1501 1578 1579 1624 ad-

269 1667 420 1713 ducor.
505 1664 595 1710 Sed
633 1666 737 1710 eum
765 1664 880 1710 inter
914 1665 1146 1729 opiniones
1179 1665 1418 1730 antiquitus
1444 1665 1581 1713 tradi-

267 1765 333 1799 tas
364 1751 478 1799 hanc
513 1763 588 1798 tuo
624 1771 806 1799 assensu
838 1751 1217 1816 comprobaveris,
1256 1771 1343 1817 qua
1375 1754 1579 1820 Cyaxa-

268 1858 379 1886 rem
423 1839 661 1887 Medorum
706 1858 855 1903 regem
903 1838 959 1885 ab
1005 1838 1145 1901 Ibyeo
1183 1838 1371 1902 Cyarem
1417 1840 1580 1888 dictum

269 1945 364 1974 csse
406 1927 610 1991 ponitur,
666 1945 920 1991 quanquam
972 1926 1043 1973 hic
1095 1927 1339 1993 Cyaxares,
1398 1927 1581 1975 florente

269 2015 397 2061 6113111
432 2025 524 2060 111111
554 2013 782 2080 Lydorum
817 2032 980 2076 regno,
1015 2013 1198 2059 Ionibus
1221 2013 1388 2060 nullum
1409 2026 1581 2078 poterat

267 2102 463 2147 incutere
498 2111 732 2148 terrorem:
780 2100 986 2164 equidem
1018 2099 1194 2145 alterius
1229 2101 1467 2147 sententiae
1502 2120 1580 2165 pa-

267 2187 502 2234 trocinium
535 2187 752 2252 suscipio,
774 2185 1034 2234 seeundum
1068 2203 1199 2250 qnam
1236 2186 1389 2252 Cyaris
1418 2205 1580 2234 nomen

269 2276 473 2340 Cyrum
515 2274 752 2320 Persarum
793 2293 941 2337 regem
978 2272 1206 2335 significat.
1287 2274 1442 2338 Neque
1476 2292 1579 2321 vero

271 2362 434 2426 (Iyares
475 2378 525 2406 ex
561 2360 678 2426 Cyro
714 2363 840 2407 κατὰ
872 2361 1162 2415 πλεονασμὸν
1193 2358 1355 2406 sactum
1389 2372 1477 2420 est,
1529 2374 1578 2409 ut

269 2446 480 2503 traditur,
532 2446 611 2493 sed
647 2447 891 2493 accuratius
928 2465 1134 2511 expresso
1168 2447 1348 2494 Persico
1384 2449 1575 2505 nomine,

269 2533 390 2597 quod
423 2534 604 2581 Graecis
640 2535 994 2595 δυςγρόεμματον
1029 2545 1142 2591 erat,
1192 2545 1241 2580 ut
1272 2533 1462 2579 barbara
1494 2551 1575 2579 no-

269 2619 383 2664 mina
419 2620 650 2685 pleraque,
701 2631 739 2667 61
774 2633 1007 2687 propterea
1041 2622 1181 2668 varias
1218 2621 1379 2667 formas
1419 2617 1576 2666 indue-
