1677 3059
522 201 958 248 .-.3Ῑ.-

86 345 224 391 siores
260 359 380 396 esse,
435 350 484 388 ut
517 337 767 387 hominibus
803 336 868 385 vel
899 353 1003 383 suos
1037 353 1207 385 amores
1243 349 1389 402 aperte

86 422 299 473 confessis
342 420 409 468 vel
443 420 621 468 omnino
656 428 912 482 argumenta
953 416 1162 465 amatoria
1200 417 1390 484 comple-

88 503 152 552 xis
171 503 240 565 10)
264 501 429 565 flagitia
453 517 652 566 quaeque
673 499 948 564 exprobrent.
1013 497 1296 563 Epigramma
1315 515 1390 545 su-

85 601 166 648 pra
209 583 402 648 positum
444 599 543 645 pag.
579 584 654 632 28.
702 581 786 628 τὸν
829 586 1042 640 φιλέοντα
1082 579 1227 640 λύρην
1267 585 1389 640 φιλέ-

85 665 200 710 οντοέ
230 682 280 714 τε,
312 666 481 711 παῖδας
515 671 557 708 et
587 660 707 708 aliud
737 660 783 707 in
813 660 886 706 ΒΓ.
928 659 1054 707 Anal.
1089 658 1162 705 III.
1201 677 1243 723 p.
1277 661 1388 717 260,

87 744 193 790 520.
233 741 366 790 Anth.
398 740 487 789 Pal.
509 743 587 799 IX,
612 743 718 790 571.
749 741 838 798 ’ἡδύ
859 758 907 786 τε
930 741 1120 789 πειθοῦς
1139 738 1282 801 Ἶβυκε
1311 743 1392 786 καί

86 829 268 873 παίδων
291 822 436 873 ἄνθος
458 824 745 886 οἱμησάμενε,
779 837 967 885 quorum
992 817 1174 868 alterum
1200 820 1391 869 earmina

87 903 145 950 ad
187 904 354 951 animos
400 903 448 950 in
492 921 684 950 amorem
720 900 1005 968 pelliciendos
1040 900 1203 965 scripta
1224 902 1389 964 tangit,

86 982 270 1032 alterum
301 995 455 1048 poetae
491 1001 660 1032 amores
694 981 863 1039 innuit,
899 993 948 1028 ut
980 982 1027 1029 in
1054 981 1208 1029 eodem
1237 982 1388 1047 Epigr.

85 1075 153 1112 est
183 1066 340 1114 Πειθώ
371 1069 665 1127 Ἀνακρείοντι
699 1068 956 1112 συνέσπετο.
1045 1061 1278 1111 Cumulum
1308 1063 1391 1111 im-

85 1145 211 1209 ponit
245 1143 434 1192 Suidas:
477 1149 633 1204 γέγονε
665 1150 714 1192 δὲ
745 1148 1168 1206 ἑρωτομανέστατος
1201 1147 1302 1205 περί
1330 1146 1392 1190 τὰ

85 1226 316 1288 μειράκια,
354 1242 464 1288 quae
490 1224 689 1273 nituntur
714 1223 861 1270 omnia
884 1223 938 1270 iis
962 1214 1244 1281 carminibus,
1281 1242 1390 1288 quo-

86 1322 184 1350 rum
225 1305 272 1351 in
316 1303 525 1369 pulchros
573 1304 921 1368 conscriptorum
964 1310 1148 1363 ἠϊθέους
1192 1314 1393 1368 superest

87 1383 214 1445 srgm.
246 1383 318 1433 IV.
386 1383 461 1432 Ad
493 1384 620 1448 frgm.
651 1384 702 1431 ΙΙ.
737 1383 843 1430 haec
871 1383 1106 1448 adscripsit
1131 1382 1314 1431 Procius
1345 1383 1390 1430 in

87 1463 194 1510 Plat.
240 1464 383 1512 Parni.
421 1468 472 1512 V.
508 1484 550 1531 p.
588 1466 696 1512 317.
735 1465 882 1512 Cusiu.
964 1470 1017 1513 ‘O
1049 1469 1098 1512 δὲ
1126 1464 1296 1527 Ἴβυκος
1321 1467 1391 1514 ὅτι

85 1546 325 1600 μελοποιὸς
347 1551 428 1592 καί
446 1550 516 1594 ὅτι
539 1550 641 1608 περί
672 1548 734 1593 τὰ
762 1548 962 1607 ἐρωτικά
988 1548 1286 1596 ἐσπουδακώς
1312 1551 1393 1593 καί

88 1625 160 1671 ὅτι
182 1627 428 1689 πρεςβύτης
460 1629 525 1675 ὠν
557 1631 638 1675 καί
670 1632 727 1678 εἰς
759 1628 813 1676 τὸ
846 1629 1036 1689 γράφειν
1055 1628 1247 1687 ἐρωτικά
1281 1646 1391 1688 προ-

87 1706 305 1766 αγόμενος
338 1709 416 1757 διὰ
445 1708 526 1757 τὸν
557 1708 692 1756 τόνον
723 1711 808 1757 τοῦ
838 1711 1026 1770 ἐρῶντος
1061 1705 1227 1770 (scribe
1254 1705 1392 1767 'Egim-

87 1788 183 1849 τος)
197 1822 216 1850 ,
251 1797 487 1836 κατοκνεῖν
513 1791 630 1848 φησί
648 1791 737 1847 τὴν
767 1790 957 1852 γραφὴν
979 1792 1025 1834 ἔν
1054 1804 1141 1833 τινι
1170 1789 1262 1834 τῶν
1287 1792 1392 1836 ἐαυ-

87 1869 172 1913 τοῦ
199 1870 365 1932 μελῶν,
400 1875 490 1915 οὐκ
521 1869 697 1926 ἄδηλον
726 1879 844 1921 τοῖς
879 1871 989 1916 τῶν
1018 1873 1245 1915 ἐκείνου
1272 1875 1391 1917 δια-

89 1949 387 2003 κηκοόσιν.
481 1949 595 2006 Sed,
643 1950 889 2006 videamus,
937 1967 992 1996 ne
1032 1949 1274 2013 iniquiores
1310 1969 1390 1997 nos

89 2025 367 2077 exhibeamus
407 2042 561 2095 poetae
602 2030 779 2078 Amoris
825 2030 1023 2079 stimulos
1059 2048 1150 2076 non
1195 2029 1391 2076 studiose

90 2105 402 2161 dissimulanti:
439 2111 570 2158 fuerit
590 2129 694 2158 sane
730 2112 905 2160 deditus
943 2110 1079 2158 amori
1102 2137 1162 2145 --
1182 2127 1272 2155 non
1297 2127 1390 2156 eer-

89 2186 216 2233 tarim
241 2209 326 2246 -··;
380 2191 512 2238 modo
547 2203 800 2252 teneamus,
845 2193 920 2257 qui
956 2193 1001 2239 in
1037 2202 1204 2239 aestum
1236 2202 1390 2256 poetae

87 2291 441 2308 ἡ

143 2345 210 2389 10)
242 2345 303 2380 Uti
330 2347 532 2384 Menandro
562 2350 701 2386 accidit.
770 2351 888 2395 Quem
919 2349 1019 2383 Suid.
1051 2355 1174 2385 auctor
1203 2355 1253 2381 est
1282 2348 1389 2383 fuisse

219 2417 294 2460 περὶ
328 2420 492 2458 γυναῖκας
519 2417 785 2462 §xpm-{atatem
835 2414 930 2462 quod
970 2413 1142 2458 judicium
1180 2426 1219 2445 ex
1248 2412 1388 2447 sabula-

217 2491 296 2511 rum
327 2480 541 2526 argumentis
563 2480 790 2527 profluxisse,
827 2479 1010 2513 hominem
1037 2478 1171 2523 integre
1200 2477 1387 2524 sobrieque

217 2543 339 2577 vixisse
375 2544 495 2579 docuit
533 2543 687 2579 Meinek
725 2545 915 2580 Menandr.
948 2551 981 2579 et
1009 2543 1159 2578 Philem.
1198 2541 1321 2591 reliqq.
1352 2557 1386 2590 p.

217 2610 383 2645 XXVIII.
