1677 3059
688 218 753 224 -
862 187 955 234 114
1058 217 1121 224 —

257 332 412 392 girum,
449 340 497 374 ut
528 329 616 373 sive
651 327 825 392 Jupiter
857 325 947 372 sive
983 325 1093 372 alius
1115 326 1262 384 Deus,
1296 328 1366 374 cui
1402 327 1449 374 id
1476 346 1572 374 ruu-

258 412 375 460 neris
420 409 665 472 injunctum
715 417 852 462 esset,
915 404 1195 452 descenderit
1227 406 1274 452 in
1317 420 1455 456 terras
1494 427 1574 474 per

258 493 473 540 tramitem
513 487 634 534 illum
680 485 907 533 caelestem
952 487 1008 534 ad
1046 485 1309 551 rapiendum
1349 489 1572 556 Ganyme-

260 574 372 620 dem.
441 571 601 616 Postea
625 567 806 614 Tithoni
828 578 1004 633 raptum
1026 567 1278 631 subjunxit,
1316 586 1445 633 quem
1469 570 1573 634 quia

259 672 351 700 non
383 648 664 698 transtulerat
692 648 739 694 in
774 667 949 696 carmen
982 666 1112 696 suum
1131 648 1420 714 Apollonius,
1457 655 1571 696 ἐπι-

259 739 454 795 φέρειν
495 733 599 792 περί
639 732 719 788 τῆς
764 732 894 781 Ἠοῦς
941 740 1115 796 poetam
1158 731 1412 795 Rheginum
1464 729 1573 777 dixit

260 812 405 862 Schol.
499 813 598 858 Jam
633 812 670 858 si
709 811 770 857 ita
805 822 1104 876 comparatum
1138 812 1222 859 fuit
1256 830 1430 860 carmen
1463 812 1573 876 Iby-

258 896 396 951 cium‚
431 903 480 940 ut
510 892 684 956 Jupiter
715 909 862 937 amore
896 902 1049 956 captus
1073 892 1380 959 Ganymedem
1401 894 1448 940 in
1474 911 1572 941 cae-

257 976 386 1023 lestes
421 972 550 1019 sedes
585 989 788 1019 evocasse
814 971 1159 1031 describeretur,
1196 973 1402 1038 qualibus
1427 992 1572 1021 exem-

257 1056 342 1122 plis
388 1053 587 1100 homines
624 1071 729 1099 suos
775 1069 945 1097 amores
982 1051 1219 1099 defendere
1255 1053 1479 1114 solebant;
1531 1077 1569 1104 v.

259 1136 424 1184 Gallim.
463 1133 598 1198 epigr.
621 1134 760 1190 LVI.‚
796 1132 884 1196 jam
917 1151 1008 1178 non
1036 1132 1258 1180 Pindarus
1294 1135 1463 1199 primus
1491 1149 1571 1196 est,

259 1217 336 1282 qui
360 1214 539 1261 delicias
564 1213 662 1260 Jovi
687 1212 994 1277 Ganymedem
1029 1212 1167 1260 fuisse
1196 1213 1444 1280 perhibuit,
1481 1236 1572 1266 non

256 1298 394 1345 fuisse
417 1314 442 1342 a
466 1293 653 1360 poculis,
688 1293 810 1358 quod
833 1311 991 1340 moneo
1016 1293 1073 1340 ob
1095 1294 1369 1343 Boeckhium
1391 1297 1438 1344 in
1459 1297 1568 1346 Plat.

254 1379 364 1426 Min.
403 1387 444 1424 et
476 1376 611 1440 Legg.
647 1393 690 1441 p.
727 1375 831 1422 106.
903 1374 1171 1438 Quanquam
1202 1387 1242 1422 et
1272 1376 1392 1441 ipse,
1428 1390 1475 1425 ut
1497 1397 1571 1426 so-

255 1460 406 1507 lebant
439 1456 614 1524 pulchri
639 1455 781 1522 pueri,
819 1454 979 1520 pocula
1008 1455 1256 1503 ministrare
1288 1459 1443 1522 potuit.
1510 1461 1571 1508 Ut

255 1541 302 1588 in
336 1540 417 1587 hac
449 1556 626 1604 quoque
667 1556 716 1585 re
750 1554 840 1582 non
877 1534 1087 1583 defecerit
1118 1537 1173 1583 ab
1208 1539 1442 1604 exemplari
1486 1558 1568 1588 suo

254 1619 541 1687 Apollonius,
602 1619 681 1683 qui
716 1617 868 1683 paucis
915 1617 1116 1664 versibus
1155 1629 1253 1665 ante
1287 1619 1345 1665 ita
1388 1620 1567 1680 scribat,

252 1725 289 1751 v.
331 1703 435 1750 115.

693 1781 1005 1844 Γανυμήδεα,
1040 1781 1122 1827 τόν
1156 1786 1216 1841 ῥα
1249 1785 1360 1826 ποτέ
1394 1781 1503 1830 Ζεὺς

316 1863 499 1925 οὐρανῷ
527 1864 857 1923 ἐγκατένασσεν
889 1864 1094 1920 ἐφέστιον
1128 1863 1459 1925 ἀθανάτοισιν,

316 1946 564 1993 κάλλεος
595 1945 869 2003 ἱμερθείς.

250 2027 317 2072 Ibi
349 2023 495 2071 Schol.
521 2023 634 2087 vulg.
661 2026 752 2071 Τὸν
772 2028 820 2069 δὲ
845 2025 1128 2080 Γανυμήδην
1149 2023 1336 2084 Ὅμηρος
1357 2026 1448 2075 οὐχ
1469 2025 1561 2069 ὑπὸ

250 2111 351 2158 Διὸς
383 2107 661 2168 ἡρπάσθαι,
711 2107 815 2151 ἀλλ’
853 2106 944 2151 ὑπὸ
979 2106 1104 2151 θεῶν
1137 2109 1298 2164 φησιν·
1361 2107 1468 2149 οὐδὲ
1501 2109 1559 2152 δι’

246 2195 397 2250 ἔρωτα
430 2189 510 2232 καί
542 2187 724 2250 πόθον,
756 2190 863 2232 ἁλλ’
897 2188 1014 2232 ὥστε
1044 2190 1117 2232 Διὶ·
1147 2184 1418 2237 οἰνοχοεύειν
1426 2186 1556 2249 7‘cfr.

246 2269 291 2315 Il.
326 2269 427 2323 XX,
463 2267 599 2323 234,
649 2285 777 2331 quem
820 2284 993 2313 versum
1037 2265 1138 2312 ideo
1181 2268 1323 2326 διπλῇ
1360 2277 1557 2313 notatum

244 2349 423 2395 tradunt
457 2345 618 2393 Scholl.
655 2350 832 2403 Venet.‚
871 2347 972 2411 quia
1005 2348 1292 2394 ἐναντιοῦται
1325 2356 1416 2398 τοῖς
1448 2366 1556 2394 νεω-

242 2437 393 2491 τέροις.
472 2428 598 2489 Quae
636 2447 771 2493 quum
805 2428 1069 2494 Apollonius
1113 2439 1259 2494 aperte
1305 2446 1355 2473 ex
1401 2427 1555 2474 eodem

242 2511 432 2557 carmine
469 2509 595 2574 Ibyci
632 2509 848 2565 hauserit,
900 2509 988 2573 jam
1031 2527 1121 2556 non
1159 2508 1428 2565 errabimus,
1478 2507 1554 2572 qui

239 2589 374 2656 Ibyco
411 2609 459 2636 ea
495 2591 714 2638 vindicare
747 2609 977 2647 conemur,
1015 2609 1127 2656 quae
1166 2591 1296 2637 »sinc
1333 2588 1470 2636 dubio
1503 2607 1552 2635 ex
