1677 3059
662 207 725 215 —
833 174 928 223 182
1028 202 1094 210 —

232 314 438 377 gionibus
473 314 577 361 haec
613 314 778 362 lavacra
806 314 1005 363 Herculis
1041 315 1088 361 in
1124 333 1253 362 usum
1289 326 1436 381 aperta
1473 316 1539 363 di-

232 406 457 453 cerentur,
517 414 606 443 non
650 397 810 444 mirum
859 408 923 444 est
972 395 1154 443 diversis
1198 394 1539 453 idbeneficium

232 476 328 522 Diis
374 477 520 523 tribui.
607 478 670 524 Ita
714 478 938 525 Minervae
981 477 1076 524 loco
1124 474 1347 524 Vulcanus
1390 489 1540 524 auctor

232 557 351 621 apud
402 557 585 623 Ibycum
631 557 949 622 perhibebatur
993 577 1043 605 ex
1091 557 1317 604 hominum
1359 575 1540 604 suorum

231 638 516 701 persuasione
549 638 730 702 opinor,
768 658 902 704 quum
932 640 969 686 is
1002 650 1163 686 tractus
1188 637 1334 685 Italiae
1359 637 1540 684 inferio-

231 718 291 763 ris
329 721 371 765 et
405 721 619 766 terrarum
657 719 847 766 motibus
881 721 1132 785 frequenter
1162 729 1466 765 concuteretur
1500 729 1542 765 et

232 797 528 847 subterraneis
573 800 752 863 ignibus
795 800 1064 858 abundaret,
1123 800 1389 866 quibuscum
1435 818 1540 846 con-

232 879 366 942 juncti
413 894 534 928 erant
571 882 711 928 fontes
745 886 932 942 θερμῶν
963 884 1160 930 ὑδάτων.
1235 880 1369 926 Recte
1405 879 1541 942 igitur

233 971 271 1005 et
307 961 561 1026 simpliciter
592 974 721 1028 poeta
747 962 976 1024 Rheginus
1006 980 1148 1026 neque
1183 960 1382 1008 confudit
1413 960 1540 1008 alter-

231 1052 327 1086 uter
363 1042 426 1088 vel
469 1043 630 1109 Ibycus
667 1042 732 1090 vel
776 1042 995 1089 Pisander
1028 1061 1120 1089 rem
1167 1053 1296 1105 atque
1343 1041 1539 1100 detorsit,

232 1131 277 1165 ut
312 1121 450 1168 visum
482 1124 627 1170 Lucae
664 1124 717 1171 de
751 1123 935 1169 Minerv.
968 1141 1092 1186 cogn.
1124 1124 1362 1183 γλαυκῶπ.
1395 1141 1438 1188 p.
1466 1125 1538 1172 18.

231 1201 340 1247 Nam
378 1202 619 1249 Minervam
663 1204 883 1251 Pisander
915 1203 1015 1250 ideo
1052 1203 1134 1249 hoc
1163 1221 1342 1249 munere
1377 1203 1542 1267 gratifi-

232 1292 366 1328 catam
415 1301 508 1329 esse
554 1284 730 1331 Herculi
777 1285 978 1350 scripsit,
1033 1284 1241 1349 quoniam
1283 1302 1333 1330 ea
1374 1284 1541 1349 ubique

230 1362 405 1410 Herculi
443 1364 603 1410 fautrix
650 1376 778 1429 atque
822 1364 1092 1429 praesidium
1127 1364 1267 1410 affuit.
1348 1365 1460 1411 Nam
1495 1365 1542 1411 id

233 1461 313 1505 ego
346 1445 491 1508 potius
529 1463 707 1492 caussae
743 1446 927 1492 dixerim
961 1463 1082 1502 esse,
1120 1464 1251 1509 qnam
1292 1444 1413 1509 quod
1447 1445 1542 1510 pla-

232 1524 318 1570 cuit
366 1525 614 1572 Welckero
662 1526 828 1589 Trilog.
878 1526 1040 1576 Aesch.
1092 1546 1133 1591 p.
1169 1528 1278 1577 279.
1326 1525 1425 1572 ideo
1470 1547 1541 1573 va-

229 1604 365 1652 riasse
394 1618 561 1670 poetas,
601 1608 704 1672 quia
736 1608 966 1672 utriusque
1000 1607 1192 1654 numinis
1228 1618 1380 1653 natura
1413 1618 1542 1672 atque

230 1684 400 1732 indoles
442 1687 658 1733 simillima
704 1687 845 1734 fuerit.
933 1688 993 1734 At
1039 1705 1085 1734 ea
1127 1686 1364 1733 similitudo
1400 1689 1542 1751 posita

229 1765 272 1811 in
309 1785 384 1823 eo,
440 1768 561 1832 quod
600 1769 799 1815 Minerva
834 1769 1007 1826 divino,
1057 1767 1249 1814 terrestri
1293 1780 1331 1814 et
1369 1769 1542 1816 subter-

231 1865 365 1894 raneo
410 1848 504 1911 igni
556 1848 778 1896 Vulcanus
821 1848 1114 1914 praesidebat.
1197 1848 1414 1914 Nymphis
1463 1868 1540 1895 au-

227 1938 311 1973 tem
346 1928 467 1993 quod
502 1929 557 1974 ab
594 1929 686 1976 aliis
723 1925 778 1976 id*
798 1930 961 1992 negotii
998 1929 1259 1991 assignatur,
1298 1947 1370 1975 eae
1414 1931 1539 1994 quasi

229 2007 452 2054 ministrae
497 2009 727 2058 voluntatis
769 2010 939 2057 divinae
986 2021 1112 2066 sunt,
1165 2029 1201 2056 v.
1239 2009 1369 2055 Diod.
1406 2012 1460 2066 V,
1496 2013 1537 2056 3.

229 2087 318 2148 Qui
366 2088 492 2152 plura
535 2092 634 2139 velit
677 2092 803 2139 adeat
839 2089 1025 2137 &Valch
1077 2091 1130 2137 de
1177 2090 1259 2136 deo
1292 2089 1534 2136 Melitenss.

230 2187 270 2232 p.
308 2170 376 2216 LI.

351 2249 486 2311 Quod
532 2271 633 2300 vero
683 2252 740 2299 ad
783 2251 1013 2300 Herculem
1058 2250 1275 2297 communi
1325 2249 1537 2313 religione

227 2328 331 2376 haec
364 2330 531 2379 lavacra
568 2333 895 2391 reserebantur,
938 2344 978 2380 et
1002 2343 1123 2380 crant
1163 2332 1236 2395 qui
1273 2332 1418 2396 ipsum
1451 2330 1537 2377 sibi

228 2413 451 2474 aperuisse
486 2424 770 2472 testarentur,
822 2434 857 2460 v.
897 2415 1022 2463 Phot.
1061 2431 1092 2459 s.
1130 2432 1163 2458 v.
1186 2450 1196 2469 ,
1246 2412 1338 2475 ejus
1373 2412 1437 2458 rei
1466 2429 1536 2457 ra-

226 2490 384 2538 tionem
411 2494 481 2541 alii
506 2496 741 2560 expediunt
764 2495 897 2543 aliter.
949 2495 1080 2541 Velut
1104 2495 1264 2540 Buttm.
1290 2491 1478 2558 Mythol.
1501 2494 1534 2548 I,

227 2587 265 2632 p.
303 2574 410 2624 259.
454 2575 510 2622 ad
546 2576 776 2624 Herculem
813 2574 1031 2622 medicum
1066 2574 1330 2640 pertinuisse
1376 2573 1532 2619 statuit.
