1677 3059
536 235 600 242 —
709 207 799 255 193
911 234 977 243 —

95 356 350 412 paterentur
384 363 473 392 non
509 344 704 411 reperiri.
773 346 837 393 Ita
871 347 1013 395 rivum
1043 366 1172 396 suum
1198 367 1296 397 cum
1333 353 1413 400 do-

94 427 275 475 mestico
325 437 499 492 patrum
546 443 728 473 suorum
779 426 1023 475 Maeandro
1067 429 1133 477 vel
1179 429 1412 482 cohaerere

94 507 161 555 vel
188 507 374 555 eundem
408 524 503 553 esse
536 505 715 553 fluvium
738 507 894 554 animis
914 508 1192 557 imbiberant.
1220 543 1280 550 —
1329 514 1410 561 Ce-

92 599 235 637 terum
270 586 531 637 Marathone
568 597 718 633 natum
753 586 989 654 Sicyonem
1024 590 1217 640 voluerat
1246 594 1408 644 Eume-

91 669 161 717 lus
196 689 264 737 ap.
292 671 421 718 Paus.
458 668 513 726 H,
554 669 596 726 1,
635 668 675 716 1.
731 668 842 715 Nam
878 681 993 716 terra
1026 669 1232 738 Sicyonia
1271 694 1406 740 quum

93 751 197 799 olim
231 752 426 813 Αἰγιαλη
460 760 712 807 vocaretur,
755 749 924 798 incolae
959 750 1043 815 ipsi
1080 753 1287 815 Aegialea
1321 759 1406 802 αὐ-

90 834 301 887 τόχθονα
334 831 471 878 fuisse
507 829 593 877 sibi
627 848 910 895 persuasere,
961 834 1091 880 Paus.
1132 832 1228 879 Cor.
1264 837 1318 892 V,
1344 839 1403 894 5.‚

91 912 328 977 Goettling.
363 913 466 959 Hes.
501 911 669 975 Theog.
700 914 809 959 535.
874 913 942 960 Illi
972 914 1108 977 igitur
1139 925 1293 979 poetae
1329 934 1404 963 su-

87 1013 171 1062 pra
199 993 370 1043 excitati
398 993 446 1040 id
475 1004 647 1058 tempus
673 1005 984 1057 respexerunt,
1019 1014 1108 1060 quo
1133 994 1281 1061 prisca
1303 1007 1402 1056 Μη-

86 1078 212 1134 κώνη
247 1073 430 1121 Ionibus
466 1084 695 1139 paruerat,
742 1073 845 1121 hinc
878 1075 1067 1122 Achaeis
1104 1076 1235 1123 cessit
1268 1078 1402 1142 Argi-

87 1157 180 1214 vis,
216 1155 335 1202 unde
371 1154 575 1222 Sicyonis
609 1155 649 1202 ei
674 1155 863 1202 inditum
894 1174 1055 1203 nomen
1090 1167 1177 1213 est;
1215 1159 1401 1223 posthac

85 1236 191 1285 inde
226 1255 250 1284 a
283 1234 445 1284 Phalce
477 1235 594 1283 venit
627 1235 672 1282 in
706 1235 923 1284 dicionem
959 1238 1155 1296 Dorum,
1191 1258 1226 1285 v.
1256 1240 1400 1287 Muel-

84 1316 159 1366 ler.
196 1317 326 1364 Dorr.
360 1317 396 1374 I,
429 1335 471 1382 p.
499 1319 576 1365 79.

218 1397 346 1461 Quae
381 1399 419 1445 si
450 1398 606 1444 ordine
631 1396 852 1463 disputata
876 1407 1003 1454 sunt,
1040 1396 1225 1464 Ibycum
1260 1412 1295 1446 et
1319 1419 1399 1466 pa-

85 1491 196 1529 trem
231 1478 436 1546 Sicyonis
458 1476 667 1542 Pelopem
692 1476 900 1525 habuisse
925 1477 1172 1541 Phrygium
1210 1492 1273 1526 est
1294 1500 1398 1529 con-

85 1570 353 1608 sentaneum.
411 1559 462 1606 In
487 1576 618 1623 quam
650 1576 742 1604 rem
767 1557 1008 1605 luculenter
1033 1558 1177 1606 Strab.
1215 1561 1313 1618 XII,
1351 1562 1395 1610 8.

83 1643 171 1699 τὴν
203 1643 305 1702 περί
335 1642 421 1698 τὴν
454 1646 653 1686 Σίπυλον
689 1646 894 1701 Φρυγίαν
924 1643 968 1685 οἱ
1000 1645 1195 1687 παλαιοί
1227 1645 1398 1689 καλοῦ-

83 1738 155 1770 σιν
164 1756 184 1785 ‚
225 1720 401 1778 ἄδηλον
433 1723 520 1767 εἴτε
549 1722 631 1777 τῆς
662 1721 864 1780 μεγάλης
897 1722 982 1766 εἴτε
1015 1723 1094 1777 τῆς
1126 1725 1289 1784 μικρᾶς
1321 1727 1397 1779 με’-

83 1818 159 1865 ρος
199 1792 369 1848 οὖσαν.
427 1791 460 1861 ᾗ
490 1804 571 1848 καί
597 1803 680 1848 τὸν
726 1802 964 1848 Τάνταλον
1010 1803 1171 1862 Φρύγα
1205 1806 1286 1849 καί
1315 1806 1398 1850 τὸν

82 1890 270 1932 Πέλοπα
307 1884 389 1930 καί
415 1883 504 1937 τὴν
537 1882 718 1945 Νιόβην.
773 1881 1019 1948 Phrygium
1050 1881 1238 1929 eundem
1273 1893 1398 1929 vocat

83 1962 275 2028 Sophoc.
307 1962 378 2027 Aj.
418 1963 556 2010 1292.
603 1974 778 2011 notatus
814 1964 995 2012 Tzetzae
1033 1962 1157 2010 Chill.
1194 1963 1249 2019 V,
1286 1961 1393 2009 444.

83 2042 248 2105 Magna
288 2043 334 2090 in
375 2055 517 2090 terrae
558 2043 735 2091 nomine
771 2042 1066 2109 discrepantia
1100 2043 1393 2108 scriptorum:

85 2122 162 2170 cfr.
199 2121 361 2171 Scholl.
393 2123 525 2173 Pind.
560 2122 631 2172 Ol.
660 2125 695 2186 I,
718 2126 794 2173 37.
824 2124 871 2172 in
895 2123 1040 2191 Apoll.
1067 2123 1152 2172 Rh.
1171 2124 1227 2184 H,
1250 2125 1359 2175 359.

519 2308 941 2317 ᾠ-ᾞ

1055 2675 1116 2724 13
