1677 3059
587 209 651 217 —
767 181 858 228 199
968 211 1032 219 —

238 320 409 383 Ἔριδος
451 325 561 370 ποτὶ
608 321 787 384 μάργον
831 323 951 375 ἔχων
983 320 1133 377 στόμα
1170 323 1331 386 (φησίν
1365 344 1457 374 που

906 402 1091 466 Ἰβυκο
1105 405 1147 466 ς)

242 485 380 530 οὲντία
412 485 544 544 δῆριν
574 483 702 535 ἑνιόις
734 483 962 544 κορύσσοι.

273 565 336 611 Ita
368 563 645 628 Stephanus,
691 564 766 628 qui
801 581 851 610 ex
887 563 984 611 cod.
1020 565 1232 630 protraxit
1267 566 1451 632 primus,

141 643 403 692 Boissonad.
436 654 478 691 et
510 643 724 702 Ursinus,
760 645 836 709 qui
871 646 1078 706 κορύσσει
1112 646 1249 693 edidit
1281 659 1328 694 ut
1361 667 1449 695 non

142 735 291 789 aptum
334 723 390 772 ab
430 723 626 770 oratione
660 723 924 790 Porphyrii;
980 725 1176 782 Vallisii‚
1228 729 1302 792 qui
1339 734 1450 776 ποτέ

138 823 221 870 pro
255 808 364 851 ποτί
394 802 551 860 habet,
586 804 698 850 mira
735 803 841 851 haec
877 806 1098 851 annotatio
1134 817 1221 854 est:
1268 810 1445 856 »Locus

135 884 398 933 mendosus:
433 884 494 930 M.
529 884 578 930 Ε.
613 886 1002 950 νενοοινορὺσσοιί
1037 888 1089 934 D.
1131 889 1227 952 (qui
1254 889 1443 954 optimus

135 963 293 1012 Vallis:
309 963 437 1011 codd.
461 966 562 1027 est‚)
598 967 728 1027 δῆριν
749 969 1083 1028 ἕνιοικορύσσοι.
1145 970 1273 1016 Forte
1297 968 1442 1032 legen-

132 1043 239 1091 dum
271 1047 401 1107 δῆριν
432 1047 776 1108 ἑννοοκορύσσοι
809 1046 962 1109 (sict),
1009 1051 1286 1097 contentione
1322 1069 1440 1098 men-

130 1135 216 1171 tem
245 1127 484 1174 armaverit.
497 1149 518 1170 κ
580 1125 686 1175 Cod.
722 1128 778 1178 D.
812 1127 1077 1174 simillimum
1110 1140 1281 1194 oportet
1304 1130 1440 1178 fuisse.

128 1204 291 1252 librum
309 1205 545 1273 Stephani3
582 1207 677 1254 cod.
701 1208 818 1255 Gud.
840 1227 963 1256 meus
990 1212 1074 1271 (nr.
1099 1213 1139 1255 3.
1165 1210 1281 1258 Gud.
1310 1211 1436 1258 codd.

127 1305 245 1350 gru,
289 1306 399 1335 saec.
434 1288 553 1350 ΧΨ.)
600 1291 706 1350 δῆρϊ
735 1290 876 1336 νενὸοι
911 1291 1133 1350 νορύσσοι.
1210 1290 1435 1355 Scriptura

125 1374 253 1420 ἐνίοις
292 1387 428 1435 quum
470 1385 613 1432 neque
646 1368 794 1414 sensui
836 1387 1102 1434 magnopere
1141 1383 1353 1433 congruat
1397 1383 1435 1418 et

125 1461 264 1497 metro
295 1450 550 1497 adversetur
584 1448 822 1513 eademque
858 1449 903 1494 in
931 1450 1204 1513 conjecturae
1239 1449 1330 1497 alea
1354 1471 1434 1517 po-

127 1531 209 1578 sita
229 1531 308 1588 sit,
331 1561 392 1568 --
427 1549 530 1577 nam
562 1521 599 1577 ff
623 1528 740 1576 illius
773 1528 914 1576 finalis
949 1548 1004 1576 ne
1035 1529 1300 1577 levissimum
1336 1534 1432 1602 qui-

124 1611 223 1659 dem
261 1621 481 1676 comparet
514 1610 745 1673 vestigium
778 1641 865 1667 —-‚
911 1609 1154 1656 deserenda
1189 1623 1263 1659 est.
1340 1615 1431 1660 Nos

123 1703 164 1740 et
199 1693 356 1740 ductus
382 1691 604 1738 literarum
629 1690 956 1737 considerantes
982 1691 1287 1757 recordatiquc
1315 1693 1429 1740 illam

121 1773 315 1823 fabulam
350 1772 405 1820 ab
428 1773 566 1837 Ibyco
591 1770 836 1837 profectum
860 1789 1151 1833 auguramur:
1188 1777 1326 1820 ἀντίοι
1349 1778 1430 1832 δῆ-

122 1874 191 1918 ριν
228 1863 373 1903 ΟΝΟΙ
399 1855 643 1916 κορύσσοι,
680 1851 721 1897 h.
751 1870 785 1898 e.
821 1852 943 1914 ὄνῳ,
981 1869 1029 1897 ex
1061 1852 1237 1917 antiqua
1262 1855 1429 1902 ratione

121 1935 369 1991 scribendi,
407 1933 460 1980 de
494 1952 579 1999 qua
614 1934 752 1981 instar
786 1932 981 1980 omnium
1006 1932 1100 1994 lege
1130 1933 1289 1984 Scholl.
1323 1936 1426 1982 Eur.

121 2017 285 2064 Phoen.
323 2016 430 2069 688.
499 2015 675 2061 Dictum
722 2014 768 2060 id
805 2013 1070 2061 existimetur
1112 2014 1157 2060 in
1194 2014 1429 2063 draconem

120 2098 251 2143 istum
290 2096 515 2144 custodem
551 2095 710 2153 fontis,
766 2096 841 2159 qui
877 2093 932 2140 ad
974 2094 1165 2159 jurgium
1202 2095 1324 2141 asino
1360 2097 1428 2143 in-

121 2175 351 2223 serendum
384 2175 495 2221 tollit
518 2186 659 2240 caput.
728 2174 1007 2240 Porphyrius
1037 2187 1178 2223 autem
1205 2175 1325 2239 quod
1346 2176 1427 2223 hos

121 2254 357 2303 versiculos
394 2255 615 2303 transtulit
656 2257 702 2301 in
736 2255 1002 2302 musicarum
1045 2273 1191 2302 rerum
1236 2267 1429 2302 contem-

122 2348 296 2402 ptores,
342 2335 389 2382 id
421 2335 565 2400 lepide
594 2337 697 2384 fecit
726 2348 933 2401 tanquam
970 2355 1019 2383 cx
1052 2348 1195 2384 mente
1229 2336 1427 2393 istorum,

123 2416 286 2482 quibus
306 2416 417 2462 asini
441 2415 692 2463 viderentur
708 2418 807 2482 ipsi.
854 2417 1100 2463 Reddenda
1120 2417 1254 2480 igitur
1273 2416 1426 2464 verba:

123 2499 441 2546 Contentionis
476 2516 662 2544 saevum
697 2518 747 2545 os
777 2500 994 2546 attollens
1021 2517 1236 2562 pugnam
1269 2506 1430 2543 contra

123 2580 312 2626 asinum
339 2586 496 2642 parat.
573 2577 780 2634 Vallisius
815 2579 999 2642 vulgatis
1037 2579 1148 2625 hanc
1183 2577 1428 2625 admoverat
