<?xml version="1.0" encoding="UTF-8"?>
<!DOCTYPE html PUBLIC "-//W3C//DTD XHTML 1.0 Transitional//EN"
    "http://www.w3.org/TR/xhtml1/DTD/xhtml1-transitional.dtd">
<html xmlns="http://www.w3.org/1999/xhtml" xml:lang="en" lang="en">
 <head>
  <title>
</title>
<meta http-equiv="Content-Type" content="text/html;charset=utf-8" />
  <meta name='ocr-system' content='tesseract 3.04.00' />
  <meta name='ocr-capabilities' content='ocr_page ocr_carea ocr_par ocr_line ocrx_word'/>
</head>
<body>
  <div class='ocr_page' id='page_1' title='image "./ibycirheginicarm00schnuoft_0174.png"; bbox 0 0 1677 3059; ppageno 0'>
   <div class='ocr_carea' id='block_1_1' title="bbox 713 189 1151 240">
    <p class='ocr_par' dir='ltr' id='par_1_1' title="bbox 713 189 1151 240">
     <span class='ocr_line' id='line_1_1' title="bbox 713 189 1151 240; baseline 0.007 -4"><span class='ocrx_word' id='word_1_1' title='bbox 713 189 1151 240; x_wconf 76' lang='lat'>-144—</span> 
     </span>
    </p>
   </div>
   <div class='ocr_carea' id='block_1_2' title="bbox 277 328 1582 2015">
    <p class='ocr_par' dir='ltr' id='par_1_2' title="bbox 277 328 1582 801">
     <span class='ocr_line' id='line_1_2' title="bbox 279 328 1581 397; baseline -0.002 -18"><span class='ocrx_word' id='word_1_2' title='bbox 279 343 344 380; x_wconf 88' lang='lat' dir='ltr'>est</span> <span class='ocrx_word' id='word_1_3' title='bbox 373 331 567 379; x_wconf 90' lang='lat' dir='ltr'>omnium</span> <span class='ocrx_word' id='word_1_4' title='bbox 592 331 854 397; x_wconf 84' lang='lat' dir='ltr'>peregrinus</span> <span class='ocrx_word' id='word_1_5' title='bbox 868 332 936 393; x_wconf 83' lang='lat'>39)</span> <span class='ocrx_word' id='word_1_6' title='bbox 969 329 1176 376; x_wconf 84' lang='lat' dir='ltr'>dicitur.«</span> <span class='ocrx_word' id='word_1_7' title='bbox 1245 328 1371 392; x_wconf 82' lang='lat' dir='ltr'>Quae</span> <span class='ocrx_word' id='word_1_8' title='bbox 1391 329 1581 376; x_wconf 88' lang='lat' dir='ltr'>nominis</span> 
     </span>
     <span class='ocr_line' id='line_1_3' title="bbox 277 407 1582 479; baseline -0.004 -18"><span class='ocrx_word' id='word_1_9' title='bbox 277 411 576 479; x_wconf 79' lang='lat' dir='ltr'>interpretatio</span> <span class='ocrx_word' id='word_1_10' title='bbox 610 422 659 458; x_wconf 89' lang='lat' dir='ltr'>ut</span> <span class='ocrx_word' id='word_1_11' title='bbox 690 410 747 457; x_wconf 91' lang='lat' dir='ltr'>sit</span> <span class='ocrx_word' id='word_1_12' title='bbox 772 410 943 475; x_wconf 79' lang='lat' dir='ltr'>inepta,</span> <span class='ocrx_word' id='word_1_13' title='bbox 979 421 1144 457; x_wconf 87' lang='lat' dir='ltr'>certum</span> <span class='ocrx_word' id='word_1_14' title='bbox 1177 407 1261 456; x_wconf 92' lang='lat' dir='ltr'>hoc</span> <span class='ocrx_word' id='word_1_15' title='bbox 1296 421 1474 474; x_wconf 73' lang='lat' dir='ltr'>estnon</span> <span class='ocrx_word' id='word_1_16' title='bbox 1499 427 1582 474; x_wconf 91' lang='lat' dir='ltr'>po-</span> 
     </span>
     <span class='ocr_line' id='line_1_4' title="bbox 277 490 1580 557; baseline -0.005 -15"><span class='ocrx_word' id='word_1_17' title='bbox 277 494 413 542; x_wconf 89' lang='lat' dir='ltr'>tuisse</span> <span class='ocrx_word' id='word_1_18' title='bbox 439 491 618 539; x_wconf 90' lang='lat' dir='ltr'>omnino</span> <span class='ocrx_word' id='word_1_19' title='bbox 646 502 811 538; x_wconf 87' lang='lat' dir='ltr'>tentare</span> <span class='ocrx_word' id='word_1_20' title='bbox 843 491 1171 557; x_wconf 79' lang='lat' dir='ltr'>explicationem</span> <span class='ocrx_word' id='word_1_21' title='bbox 1202 490 1287 537; x_wconf 90' lang='lat' dir='ltr'>nisi</span> <span class='ocrx_word' id='word_1_22' title='bbox 1321 508 1580 555; x_wconf 87' lang='lat' dir='ltr'>persuasum</span> 
     </span>
     <span class='ocr_line' id='line_1_5' title="bbox 277 569 1578 635; baseline -0.005 -13"><span class='ocrx_word' id='word_1_23' title='bbox 277 574 507 622; x_wconf 83' lang='lat' dir='ltr'>habuisset</span> <span class='ocrx_word' id='word_1_24' title='bbox 549 571 807 635; x_wconf 84' lang='lat' dir='ltr'>Fulgentius</span> <span class='ocrx_word' id='word_1_25' title='bbox 844 573 1032 619; x_wconf 84' lang='lat' dir='ltr'>formam</span> <span class='ocrx_word' id='word_1_26' title='bbox 1077 572 1239 620; x_wconf 65' lang='lat' dir='ltr'>Ulzlves</span> <span class='ocrx_word' id='word_1_27' title='bbox 1279 588 1369 618; x_wconf 90' lang='lat' dir='ltr'>non</span> <span class='ocrx_word' id='word_1_28' title='bbox 1412 569 1578 617; x_wconf 86' lang='lat' dir='ltr'>Latinis</span> 
     </span>
     <span class='ocr_line' id='line_1_6' title="bbox 278 650 1580 717; baseline -0.005 -13"><span class='ocrx_word' id='word_1_29' title='bbox 278 657 456 704; x_wconf 89' lang='lat' dir='ltr'>demum</span> <span class='ocrx_word' id='word_1_30' title='bbox 489 652 769 717; x_wconf 84' lang='lat' dir='ltr'>singulariter</span> <span class='ocrx_word' id='word_1_31' title='bbox 801 672 895 701; x_wconf 90' lang='lat' dir='ltr'>esse</span> <span class='ocrx_word' id='word_1_32' title='bbox 930 653 1145 701; x_wconf 87' lang='lat' dir='ltr'>detortam</span> <span class='ocrx_word' id='word_1_33' title='bbox 1177 651 1259 700; x_wconf 89' lang='lat' dir='ltr'>sed</span> <span class='ocrx_word' id='word_1_34' title='bbox 1291 650 1521 717; x_wconf 89' lang='lat' dir='ltr'>irrepsisse</span> <span class='ocrx_word' id='word_1_35' title='bbox 1555 667 1580 696; x_wconf 88' lang='lat' dir='ltr'>a</span> 
     </span>
     <span class='ocr_line' id='line_1_7' title="bbox 280 736 754 801; baseline -0.008 -16"><span class='ocrx_word' id='word_1_36' title='bbox 280 736 462 785; x_wconf 87' lang='lat' dir='ltr'>Graecis</span> <span class='ocrx_word' id='word_1_37' title='bbox 494 745 754 801; x_wconf 85' lang='lat' dir='ltr'>susceptam.</span> 
     </span>
    </p>

    <p class='ocr_par' dir='ltr' id='par_1_3' title="bbox 277 810 1582 1774">
     <span class='ocr_line' id='line_1_8' title="bbox 402 810 1579 883; baseline -0.003 -21"><span class='ocrx_word' id='word_1_38' title='bbox 402 815 553 880; x_wconf 83' lang='lat' dir='ltr'>Quum</span> <span class='ocrx_word' id='word_1_39' title='bbox 585 826 729 863; x_wconf 85' lang='lat' dir='ltr'>autem</span> <span class='ocrx_word' id='word_1_40' title='bbox 749 813 911 883; x_wconf 82' lang='lat' dir='ltr'>Ibycus</span> <span class='ocrx_word' id='word_1_41' title='bbox 930 824 1039 862; x_wconf 89' lang='lat' dir='ltr'>teste</span> <span class='ocrx_word' id='word_1_42' title='bbox 1065 813 1281 862; x_wconf 85' lang='lat' dir='ltr'>Diomede</span> <span class='ocrx_word' id='word_1_43' title='bbox 1310 812 1435 860; x_wconf 89' lang='lat' dir='ltr'>heroi</span> <span class='ocrx_word' id='word_1_44' title='bbox 1462 810 1579 858; x_wconf 89' lang='lat' dir='ltr'>Itha-</span> 
     </span>
     <span class='ocr_line' id='line_1_9' title="bbox 279 892 1579 960; baseline -0.007 -12"><span class='ocrx_word' id='word_1_45' title='bbox 279 899 397 948; x_wconf 91' lang='lat' dir='ltr'>censi</span> <span class='ocrx_word' id='word_1_46' title='bbox 435 899 634 959; x_wconf 76' lang='grc' dir='ltr'><em>Οὐλίξῃ,</em></span> <span class='ocrx_word' id='word_1_47' title='bbox 673 914 776 943; x_wconf 90' lang='lat' dir='ltr'>nam</span> <span class='ocrx_word' id='word_1_48' title='bbox 809 895 847 941; x_wconf 91' lang='lat' dir='ltr'>is</span> <span class='ocrx_word' id='word_1_49' title='bbox 879 913 1015 941; x_wconf 88' lang='lat' dir='ltr'>sonus</span> <span class='ocrx_word' id='word_1_50' title='bbox 1051 912 1076 941; x_wconf 89' lang='lat' dir='ltr'>a</span> <span class='ocrx_word' id='word_1_51' title='bbox 1107 912 1249 960; x_wconf 91' lang='lat' dir='ltr'>puero</span> <span class='ocrx_word' id='word_1_52' title='bbox 1275 911 1402 940; x_wconf 89' lang='lat' dir='ltr'>aures</span> <span class='ocrx_word' id='word_1_53' title='bbox 1438 892 1579 958; x_wconf 89' lang='lat' dir='ltr'>ipsius</span> 
     </span>
     <span class='ocr_line' id='line_1_10' title="bbox 278 973 1581 1043; baseline -0.008 -14"><span class='ocrx_word' id='word_1_54' title='bbox 278 982 710 1043; x_wconf 84' lang='lat' dir='ltr'>circumstrepuerat‚</span> <span class='ocrx_word' id='word_1_55' title='bbox 743 974 922 1037; x_wconf 86' lang='lat' dir='ltr'>vulgare</span> <span class='ocrx_word' id='word_1_56' title='bbox 953 992 1114 1022; x_wconf 91' lang='lat' dir='ltr'>nomen</span> <span class='ocrx_word' id='word_1_57' title='bbox 1147 986 1276 1040; x_wconf 89' lang='lat' dir='ltr'>atque</span> <span class='ocrx_word' id='word_1_58' title='bbox 1301 973 1581 1022; x_wconf 89' lang='lat' dir='ltr'>Homericum</span> 
     </span>
     <span class='ocr_line' id='line_1_11' title="bbox 277 1053 1580 1117; baseline -0.006 -9"><span class='ocrx_word' id='word_1_59' title='bbox 277 1073 326 1109; x_wconf 86' lang='lat' dir='ltr'>ut</span> <span class='ocrx_word' id='word_1_60' title='bbox 359 1057 520 1108; x_wconf 88' lang='lat' dir='ltr'>indolis</span> <span class='ocrx_word' id='word_1_61' title='bbox 558 1055 894 1104; x_wconf 83' lang='lat' dir='ltr'>declarationem</span> <span class='ocrx_word' id='word_1_62' title='bbox 915 1053 1114 1101; x_wconf 87' lang='lat' dir='ltr'>additum</span> <span class='ocrx_word' id='word_1_63' title='bbox 1145 1054 1440 1117; x_wconf 83' lang='lat' dir='ltr'>significasse,</span> <span class='ocrx_word' id='word_1_64' title='bbox 1476 1072 1580 1102; x_wconf 90' lang='lat' dir='ltr'>con-</span> 
     </span>
     <span class='ocr_line' id='line_1_12' title="bbox 278 1136 1582 1204; baseline -0.006 -15"><span class='ocrx_word' id='word_1_65' title='bbox 278 1152 533 1189; x_wconf 87' lang='lat' dir='ltr'>sentaneum</span> <span class='ocrx_word' id='word_1_66' title='bbox 567 1149 633 1185; x_wconf 87' lang='lat' dir='ltr'>est</span> <span class='ocrx_word' id='word_1_67' title='bbox 663 1138 747 1184; x_wconf 86' lang='lat' dir='ltr'>hoc</span> <span class='ocrx_word' id='word_1_68' title='bbox 781 1136 840 1184; x_wconf 87' lang='lat' dir='ltr'>ita</span> <span class='ocrx_word' id='word_1_69' title='bbox 871 1145 1149 1204; x_wconf 89' lang='lat' dir='ltr'>persecutum</span> <span class='ocrx_word' id='word_1_70' title='bbox 1179 1146 1352 1200; x_wconf 86' lang='lat' dir='ltr'>poetam</span> <span class='ocrx_word' id='word_1_71' title='bbox 1388 1152 1498 1192; x_wconf 90' lang='lat' dir='ltr'>esse,</span> <span class='ocrx_word' id='word_1_72' title='bbox 1533 1144 1582 1181; x_wconf 85' lang='lat' dir='ltr'>ut</span> 
     </span>
     <span class='ocr_line' id='line_1_13' title="bbox 279 1215 1581 1284; baseline -0.005 -16"><span class='ocrx_word' id='word_1_73' title='bbox 279 1238 477 1270; x_wconf 83' lang='lat' dir='ltr'>caussam</span> <span class='ocrx_word' id='word_1_74' title='bbox 521 1217 651 1265; x_wconf 87' lang='lat' dir='ltr'>simul</span> <span class='ocrx_word' id='word_1_75' title='bbox 684 1229 815 1284; x_wconf 90' lang='lat' dir='ltr'>atque</span> <span class='ocrx_word' id='word_1_76' title='bbox 846 1219 1059 1266; x_wconf 86' lang='lat' dir='ltr'>rationem</span> <span class='ocrx_word' id='word_1_77' title='bbox 1093 1216 1395 1283; x_wconf 83' lang='lat' dir='ltr'>appellationis</span> <span class='ocrx_word' id='word_1_78' title='bbox 1427 1215 1581 1281; x_wconf 88' lang='lat' dir='ltr'>prodi-</span> 
     </span>
     <span class='ocr_line' id='line_1_14' title="bbox 279 1299 1581 1366; baseline -0.003 -16"><span class='ocrx_word' id='word_1_79' title='bbox 279 1303 402 1350; x_wconf 85' lang='lat' dir='ltr'>derit.</span> <span class='ocrx_word' id='word_1_80' title='bbox 492 1300 584 1348; x_wconf 88' lang='lat' dir='ltr'>Sed</span> <span class='ocrx_word' id='word_1_81' title='bbox 618 1318 750 1366; x_wconf 85' lang='lat' dir='ltr'>quam</span> <span class='ocrx_word' id='word_1_82' title='bbox 793 1299 1071 1366; x_wconf 89' lang='lat' dir='ltr'>potissimum</span> <span class='ocrx_word' id='word_1_83' title='bbox 1103 1299 1317 1362; x_wconf 84' lang='lat' dir='ltr'>originem</span> <span class='ocrx_word' id='word_1_84' title='bbox 1351 1318 1433 1366; x_wconf 91' lang='lat' dir='ltr'>pro</span> <span class='ocrx_word' id='word_1_85' title='bbox 1479 1317 1581 1347; x_wconf 85' lang='lat' dir='ltr'>vera</span> 
     </span>
     <span class='ocr_line' id='line_1_15' title="bbox 279 1380 1581 1446; baseline -0.002 -16"><span class='ocrx_word' id='word_1_86' title='bbox 279 1381 483 1430; x_wconf 86' lang='lat' dir='ltr'>habuerit</span> <span class='ocrx_word' id='word_1_87' title='bbox 516 1380 694 1429; x_wconf 83' lang='lat' dir='ltr'>difficile</span> <span class='ocrx_word' id='word_1_88' title='bbox 728 1391 794 1428; x_wconf 86' lang='lat' dir='ltr'>est</span> <span class='ocrx_word' id='word_1_89' title='bbox 827 1380 947 1428; x_wconf 89' lang='lat' dir='ltr'>dictu</span> <span class='ocrx_word' id='word_1_90' title='bbox 981 1382 1170 1428; x_wconf 87' lang='lat' dir='ltr'>intanta</span> <span class='ocrx_word' id='word_1_91' title='bbox 1196 1380 1455 1446; x_wconf 88' lang='lat' dir='ltr'>opinionum</span> <span class='ocrx_word' id='word_1_92' title='bbox 1489 1381 1581 1428; x_wconf 88' lang='lat' dir='ltr'>dis-</span> 
     </span>
     <span class='ocr_line' id='line_1_16' title="bbox 279 1460 1580 1530; baseline -0.002 -18"><span class='ocrx_word' id='word_1_93' title='bbox 279 1463 511 1530; x_wconf 85' lang='lat' dir='ltr'>crepantia.</span> <span class='ocrx_word' id='word_1_94' title='bbox 603 1462 780 1510; x_wconf 87' lang='lat' dir='ltr'>Prostat</span> <span class='ocrx_word' id='word_1_95' title='bbox 817 1460 864 1508; x_wconf 90' lang='lat' dir='ltr'>in</span> <span class='ocrx_word' id='word_1_96' title='bbox 902 1460 1163 1527; x_wconf 85' lang='lat' dir='ltr'>interpolato</span> <span class='ocrx_word' id='word_1_97' title='bbox 1205 1460 1301 1509; x_wconf 89' lang='lat' dir='ltr'>loco</span> <span class='ocrx_word' id='word_1_98' title='bbox 1350 1461 1580 1529; x_wconf 87' lang='lat' dir='ltr'>Odysseae</span> 
     </span>
     <span class='ocr_line' id='line_1_17' title="bbox 280 1539 1579 1612; baseline -0.004 -19"><span class='ocrx_word' id='word_1_99' title='bbox 280 1546 354 1612; x_wconf 92' lang='lat' dir='ltr'>qui</span> <span class='ocrx_word' id='word_1_100' title='bbox 375 1556 441 1593; x_wconf 87' lang='lat' dir='ltr'>est</span> <span class='ocrx_word' id='word_1_101' title='bbox 462 1544 584 1602; x_wconf 87' lang='lat' dir='ltr'><strong>X]X‚</strong></span> <span class='ocrx_word' id='word_1_102' title='bbox 605 1542 714 1590; x_wconf 72' lang='lat'>407.</span> <span class='ocrx_word' id='word_1_103' title='bbox 745 1539 978 1605; x_wconf 83' lang='lat' dir='ltr'>originatio</span> <span class='ocrx_word' id='word_1_104' title='bbox 998 1545 1251 1594; x_wconf 78' lang='grc' dir='ltr'><em>Ὀδυσσέως</em></span> <span class='ocrx_word' id='word_1_105' title='bbox 1277 1542 1395 1590; x_wconf 86' lang='lat' dir='ltr'>haec.</span> <span class='ocrx_word' id='word_1_106' title='bbox 1445 1544 1579 1589; x_wconf 86' lang='lat' dir='ltr'>Nam-</span> 
     </span>
     <span class='ocr_line' id='line_1_18' title="bbox 278 1621 1580 1694; baseline -0.005 -19"><span class='ocrx_word' id='word_1_107' title='bbox 278 1646 364 1694; x_wconf 90' lang='lat' dir='ltr'>que</span> <span class='ocrx_word' id='word_1_108' title='bbox 404 1625 647 1692; x_wconf 87' lang='lat' dir='ltr'>Antolycus</span> <span class='ocrx_word' id='word_1_109' title='bbox 691 1633 914 1671; x_wconf 86' lang='lat' dir='ltr'>maternus</span> <span class='ocrx_word' id='word_1_110' title='bbox 956 1639 1060 1670; x_wconf 87' lang='lat' dir='ltr'>avus</span> <span class='ocrx_word' id='word_1_111' title='bbox 1093 1627 1320 1673; x_wconf 79' lang='grc' dir='ltr'><em>Ὀδυσσέα</em></span> <span class='ocrx_word' id='word_1_112' title='bbox 1349 1621 1580 1690; x_wconf 87' lang='lat' dir='ltr'>parvulum</span> 
     </span>
     <span class='ocr_line' id='line_1_19' title="bbox 278 1704 988 1774; baseline -0.006 -19"><span class='ocrx_word' id='word_1_113' title='bbox 278 1706 466 1774; x_wconf 89' lang='lat' dir='ltr'>appellat</span> <span class='ocrx_word' id='word_1_114' title='bbox 499 1706 581 1753; x_wconf 88' lang='lat' dir='ltr'>hac</span> <span class='ocrx_word' id='word_1_115' title='bbox 615 1704 765 1752; x_wconf 86' lang='lat' dir='ltr'>addita</span> <span class='ocrx_word' id='word_1_116' title='bbox 798 1704 988 1751; x_wconf 91' lang='lat' dir='ltr'>ratione:</span> 
     </span>
    </p>

    <p class='ocr_par' dir='ltr' id='par_1_4' title="bbox 340 1783 1576 2015">
     <span class='ocr_line' id='line_1_20' title="bbox 340 1783 1478 1849; baseline -0.004 -13"><span class='ocrx_word' id='word_1_117' title='bbox 340 1795 575 1836; x_wconf 81' lang='grc' dir='ltr'><em>πολλοῖσιν</em></span> <span class='ocrx_word' id='word_1_118' title='bbox 598 1789 689 1849; x_wconf 73' lang='grc' dir='ltr'>γὰρ</span> <span class='ocrx_word' id='word_1_119' title='bbox 717 1793 861 1847; x_wconf 71' lang='grc' dir='ltr'><em>ἔγωγε</em></span> <span class='ocrx_word' id='word_1_120' title='bbox 884 1785 1192 1843; x_wconf 75' lang='grc' dir='ltr'><em>ὀδυσσάμενος</em></span> <span class='ocrx_word' id='word_1_121' title='bbox 1210 1783 1307 1831; x_wconf 80' lang='grc' dir='ltr'><em>τόδ’</em></span> <span class='ocrx_word' id='word_1_122' title='bbox 1333 1786 1478 1834; x_wconf 78' lang='grc' dir='ltr'><em>ἱκάνω</em></span> 
     </span>
     <span class='ocr_line' id='line_1_21' title="bbox 340 1867 1576 1930; baseline -0.002 -13"><span class='ocrx_word' id='word_1_123' title='bbox 340 1870 561 1930; x_wconf 71' lang='grc' dir='ltr'><em>ἀνδράσιν</em></span> <span class='ocrx_word' id='word_1_124' title='bbox 584 1872 668 1926; x_wconf 74' lang='grc' dir='ltr'>ἠδὲ</span> <span class='ocrx_word' id='word_1_125' title='bbox 686 1869 892 1928; x_wconf 76' lang='grc' dir='ltr'><em>γυναιξίν</em></span> <span class='ocrx_word' id='word_1_126' title='bbox 915 1868 1009 1914; x_wconf 72' lang='grc' dir='ltr'>ἀνὰ</span> <span class='ocrx_word' id='word_1_127' title='bbox 1027 1867 1183 1922; x_wconf 77' lang='grc' dir='ltr'><em>χθόνα</em></span> <span class='ocrx_word' id='word_1_128' title='bbox 1210 1868 1576 1930; x_wconf 78' lang='grc' dir='ltr'><em>πουλυβότειραν.</em></span> 
     </span>
     <span class='ocr_line' id='line_1_22' title="bbox 341 1948 1358 2015; baseline -0.005 -17"><span class='ocrx_word' id='word_1_129' title='bbox 341 1954 408 2015; x_wconf 79' lang='grc' dir='ltr'>τῷ</span> <span class='ocrx_word' id='word_1_130' title='bbox 431 1956 472 1998; x_wconf 86' lang='grc' dir='ltr'>δ’</span> <span class='ocrx_word' id='word_1_131' title='bbox 499 1951 714 2000; x_wconf 75' lang='grc' dir='ltr'><em>Ὀδυσεὺς</em></span> <span class='ocrx_word' id='word_1_132' title='bbox 735 1948 862 2006; x_wconf 82' lang='grc' dir='ltr'><em>ὄνομ’</em></span> <span class='ocrx_word' id='word_1_133' title='bbox 883 1951 1001 1996; x_wconf 80' lang='grc' dir='ltr'><em>ἔστω</em></span> <span class='ocrx_word' id='word_1_134' title='bbox 1023 1949 1271 2004; x_wconf 83' lang='grc' dir='ltr'><em>ἐπώνυμον.</em></span> <span class='ocrx_word' id='word_1_135' title='bbox 1286 1948 1358 2010; x_wconf 81' lang='grc'>40)</span> 
     </span>
    </p>
   </div>
   <div class='ocr_carea' id='block_1_3' title="bbox 331 2082 1578 2331">
    <p class='ocr_par' dir='ltr' id='par_1_5' title="bbox 331 2082 1578 2331">
     <span class='ocr_line' id='line_1_23' title="bbox 331 2082 1577 2137; baseline -0.005 -10"><span class='ocrx_word' id='word_1_136' title='bbox 331 2092 395 2135; x_wconf 83' lang='grc'>39)</span> <span class='ocrx_word' id='word_1_137' title='bbox 435 2082 544 2132; x_wconf 58' lang='grc' dir='ltr'><em>Οἶνλος</em></span> <span class='ocrx_word' id='word_1_138' title='bbox 571 2090 715 2137; x_wconf 87' lang='lat' dir='ltr'>quidem</span> <span class='ocrx_word' id='word_1_139' title='bbox 751 2089 798 2124; x_wconf 82' lang='lat' dir='ltr'>ita</span> <span class='ocrx_word' id='word_1_140' title='bbox 833 2089 944 2136; x_wconf 86' lang='lat' dir='ltr'>possit</span> <span class='ocrx_word' id='word_1_141' title='bbox 981 2086 1168 2134; x_wconf 78' lang='lat' dir='ltr'>explicari,</span> <span class='ocrx_word' id='word_1_142' title='bbox 1209 2087 1302 2128; x_wconf 76' lang='grc' dir='ltr'><em>’ξένος</em></span> <span class='ocrx_word' id='word_1_143' title='bbox 1330 2092 1448 2120; x_wconf 83' lang='lat' dir='ltr'>autern</span> <span class='ocrx_word' id='word_1_144' title='bbox 1479 2087 1577 2134; x_wconf 82' lang='lat' dir='ltr'>quod</span> 
     </span>
     <span class='ocr_line' id='line_1_24' title="bbox 406 2152 1578 2198; baseline -0.003 -7"><span class='ocrx_word' id='word_1_145' title='bbox 406 2156 518 2191; x_wconf 85' lang='lat' dir='ltr'>inesse</span> <span class='ocrx_word' id='word_1_146' title='bbox 551 2156 668 2190; x_wconf 80' lang='lat' dir='ltr'>statuit</span> <span class='ocrx_word' id='word_1_147' title='bbox 694 2154 829 2189; x_wconf 84' lang='lat' dir='ltr'>delirat.</span> <span class='ocrx_word' id='word_1_148' title='bbox 903 2154 941 2187; x_wconf 88' lang='lat' dir='ltr'>Si</span> <span class='ocrx_word' id='word_1_149' title='bbox 969 2153 1131 2187; x_wconf 83' lang='lat' dir='ltr'>rimanda</span> <span class='ocrx_word' id='word_1_150' title='bbox 1160 2153 1270 2187; x_wconf 87' lang='lat' dir='ltr'>modo</span> <span class='ocrx_word' id='word_1_151' title='bbox 1296 2152 1398 2198; x_wconf 77' lang='lat' dir='ltr'>stirps</span> <span class='ocrx_word' id='word_1_152' title='bbox 1426 2159 1516 2187; x_wconf 82' lang='lat' dir='ltr'>esset</span> <span class='ocrx_word' id='word_1_153' title='bbox 1543 2159 1578 2187; x_wconf 77' lang='lat' dir='ltr'>et</span> 
     </span>
     <span class='ocr_line' id='line_1_25' title="bbox 407 2216 1576 2269; baseline -0.003 -12"><span class='ocrx_word' id='word_1_154' title='bbox 407 2221 672 2269; x_wconf 84' lang='lat' dir='ltr'>compositionis</span> <span class='ocrx_word' id='word_1_155' title='bbox 700 2221 821 2267; x_wconf 85' lang='lat' dir='ltr'>origo,</span> <span class='ocrx_word' id='word_1_156' title='bbox 863 2219 992 2253; x_wconf 80' lang='lat' dir='ltr'>rectius</span> <span class='ocrx_word' id='word_1_157' title='bbox 1020 2218 1077 2252; x_wconf 85' lang='lat' dir='ltr'>ille</span> <span class='ocrx_word' id='word_1_158' title='bbox 1109 2225 1227 2266; x_wconf 77' lang='lat' dir='ltr'>ageret</span> <span class='ocrx_word' id='word_1_159' title='bbox 1255 2217 1315 2264; x_wconf 87' lang='lat' dir='ltr'>qui</span> <span class='ocrx_word' id='word_1_160' title='bbox 1343 2216 1492 2262; x_wconf 71' lang='grc' dir='ltr'><em>Οὐλίξην</em></span> <span class='ocrx_word' id='word_1_161' title='bbox 1519 2217 1576 2253; x_wconf 82' lang='lat' dir='ltr'>di—</span> 
     </span>
     <span class='ocr_line' id='line_1_26' title="bbox 406 2284 1574 2331; baseline -0.003 -9"><span class='ocrx_word' id='word_1_162' title='bbox 406 2295 500 2322; x_wconf 83' lang='lat' dir='ltr'>ceret</span> <span class='ocrx_word' id='word_1_163' title='bbox 528 2301 609 2321; x_wconf 85' lang='lat' dir='ltr'>eum</span> <span class='ocrx_word' id='word_1_164' title='bbox 640 2299 713 2320; x_wconf 83' lang='lat' dir='ltr'>esse</span> <span class='ocrx_word' id='word_1_165' title='bbox 742 2287 807 2331; x_wconf 78' lang='lat' dir='ltr'>qui</span> <span class='ocrx_word' id='word_1_166' title='bbox 830 2298 914 2318; x_wconf 83' lang='lat' dir='ltr'>cum</span> <span class='ocrx_word' id='word_1_167' title='bbox 938 2287 1125 2328; x_wconf 73' lang='lat' dir='ltr'>pernicie,</span> <span class='ocrx_word' id='word_1_168' title='bbox 1153 2284 1279 2325; x_wconf 78' lang='grc' dir='ltr'><em>ὀλοάς,</em></span> <span class='ocrx_word' id='word_1_169' title='bbox 1308 2298 1338 2318; x_wconf 74' lang='lat' dir='ltr'>v.</span> <span class='ocrx_word' id='word_1_170' title='bbox 1367 2284 1574 2319; x_wconf 82' lang='lat' dir='ltr'>Buttmann.</span> 
     </span>
    </p>
   </div>
   <div class='ocr_carea' id='block_1_4' title="bbox 404 2350 1573 2399">
    <p class='ocr_par' dir='ltr' id='par_1_6' title="bbox 404 2350 1573 2399">
     <span class='ocr_line' id='line_1_27' title="bbox 404 2350 1573 2399; baseline -0.003 -12"><span class='ocrx_word' id='word_1_171' title='bbox 404 2353 511 2387; x_wconf 59' lang='lat' dir='ltr'>Lexil.</span> <span class='ocrx_word' id='word_1_172' title='bbox 542 2353 568 2395; x_wconf 86' lang='lat' dir='ltr'>l,</span> <span class='ocrx_word' id='word_1_173' title='bbox 590 2367 623 2399; x_wconf 90' lang='lat' dir='ltr'>p.</span> <span class='ocrx_word' id='word_1_174' title='bbox 651 2351 724 2387; x_wconf 78' lang='lat'>185</span> <span class='ocrx_word' id='word_1_175' title='bbox 748 2365 822 2398; x_wconf 88' lang='lat' dir='ltr'>sqq.</span> <span class='ocrx_word' id='word_1_176' title='bbox 838 2377 846 2393; x_wconf 94' lang='lat'>,</span> <span class='ocrx_word' id='word_1_177' title='bbox 876 2354 1028 2384; x_wconf 81' lang='lat' dir='ltr'>domum</span> <span class='ocrx_word' id='word_1_178' title='bbox 1058 2353 1176 2392; x_wconf 69' lang='lat' dir='ltr'>venit,</span> <span class='ocrx_word' id='word_1_179' title='bbox 1204 2358 1242 2384; x_wconf 87' lang='lat' dir='ltr'>ut</span> <span class='ocrx_word' id='word_1_180' title='bbox 1264 2350 1308 2384; x_wconf 86' lang='lat' dir='ltr'>ad</span> <span class='ocrx_word' id='word_1_181' title='bbox 1329 2350 1573 2384; x_wconf 79' lang='lat' dir='ltr'>obtruncatio—</span> 
     </span>
    </p>
   </div>
   <div class='ocr_carea' id='block_1_5' title="bbox 328 2418 1572 2675">
    <p class='ocr_par' dir='ltr' id='par_1_7' title="bbox 406 2418 1572 2535">
     <span class='ocr_line' id='line_1_28' title="bbox 406 2418 1572 2467; baseline -0.003 -11"><span class='ocrx_word' id='word_1_182' title='bbox 406 2436 486 2456; x_wconf 86' lang='lat' dir='ltr'>nem</span> <span class='ocrx_word' id='word_1_183' title='bbox 515 2422 741 2456; x_wconf 80' lang='lat' dir='ltr'>insolentium</span> <span class='ocrx_word' id='word_1_184' title='bbox 769 2433 959 2467; x_wconf 83' lang='lat' dir='ltr'>procorum</span> <span class='ocrx_word' id='word_1_185' title='bbox 992 2428 1176 2467; x_wconf 77' lang='lat' dir='ltr'>spectaret.</span> <span class='ocrx_word' id='word_1_186' title='bbox 1231 2421 1312 2465; x_wconf 76' lang='grc' dir='ltr'><em>Ιξης</em></span> <span class='ocrx_word' id='word_1_187' title='bbox 1330 2427 1368 2454; x_wconf 85' lang='lat' dir='ltr'>ut</span> <span class='ocrx_word' id='word_1_188' title='bbox 1384 2418 1512 2461; x_wconf 79' lang='grc' dir='ltr'><em>Ἰξίων,</em></span> <span class='ocrx_word' id='word_1_189' title='bbox 1540 2433 1572 2454; x_wconf 78' lang='lat' dir='ltr'>v.</span> 
     </span>
     <span class='ocr_line' id='line_1_29' title="bbox 406 2486 1102 2535; baseline 0 -15"><span class='ocrx_word' id='word_1_190' title='bbox 406 2486 598 2521; x_wconf 60' lang='lat' dir='ltr'>xx‘etchcr.</span> <span class='ocrx_word' id='word_1_191' title='bbox 627 2488 761 2535; x_wconf 82' lang='lat' dir='ltr'>Trilog.</span> <span class='ocrx_word' id='word_1_192' title='bbox 793 2486 920 2521; x_wconf 79' lang='lat' dir='ltr'>Aesch.</span> <span class='ocrx_word' id='word_1_193' title='bbox 953 2501 985 2534; x_wconf 85' lang='lat' dir='ltr'>p.</span> <span class='ocrx_word' id='word_1_194' title='bbox 1013 2487 1102 2522; x_wconf 77' lang='lat'>549.</span> 
     </span>
    </p>

    <p class='ocr_par' dir='ltr' id='par_1_8' title="bbox 328 2558 1572 2675">
     <span class='ocr_line' id='line_1_30' title="bbox 328 2558 1572 2608; baseline -0.004 -11"><span class='ocrx_word' id='word_1_195' title='bbox 328 2560 393 2605; x_wconf 77' lang='lat'>40)</span> <span class='ocrx_word' id='word_1_196' title='bbox 437 2562 533 2605; x_wconf 84' lang='lat' dir='ltr'>Quid</span> <span class='ocrx_word' id='word_1_197' title='bbox 568 2563 610 2596; x_wconf 86' lang='lat' dir='ltr'>sit</span> <span class='ocrx_word' id='word_1_198' title='bbox 637 2562 813 2608; x_wconf 64' lang='grc' dir='ltr'>ἐπώνυμος</span> <span class='ocrx_word' id='word_1_199' title='bbox 842 2562 945 2596; x_wconf 85' lang='lat' dir='ltr'>docet</span> <span class='ocrx_word' id='word_1_200' title='bbox 982 2561 1101 2596; x_wconf 86' lang='lat' dir='ltr'>Schol.</span> <span class='ocrx_word' id='word_1_201' title='bbox 1134 2560 1299 2596; x_wconf 87' lang='lat' dir='ltr'>Ambros.</span> <span class='ocrx_word' id='word_1_202' title='bbox 1332 2560 1462 2608; x_wconf 84' lang='lat' dir='ltr'>Odyss.</span> <span class='ocrx_word' id='word_1_203' title='bbox 1490 2558 1572 2602; x_wconf 82' lang='lat' dir='ltr'>Vll,</span> 
     </span>
     <span class='ocr_line' id='line_1_31' title="bbox 399 2627 1038 2675; baseline 0.003 -15"><span class='ocrx_word' id='word_1_204' title='bbox 399 2627 483 2669; x_wconf 56' lang='lat'>54„</span> <span class='ocrx_word' id='word_1_205' title='bbox 512 2627 664 2663; x_wconf 64' lang='lat' dir='ltr'>Kitzsch.</span> <span class='ocrx_word' id='word_1_206' title='bbox 693 2629 796 2663; x_wconf 89' lang='lat' dir='ltr'>Tom.</span> <span class='ocrx_word' id='word_1_207' title='bbox 821 2627 865 2671; x_wconf 87' lang='lat' dir='ltr'>II,</span> <span class='ocrx_word' id='word_1_208' title='bbox 891 2641 925 2675; x_wconf 84' lang='lat' dir='ltr'>p.</span> <span class='ocrx_word' id='word_1_209' title='bbox 952 2627 1038 2664; x_wconf 80' lang='grc'><strong>139.</strong></span> 
     </span>
    </p>
   </div>
  </div>
 </body>
</html>
