1677 3059
573 230 631 237 —
744 202 837 247 211
948 230 1013 243 .-

599 337 834 402 Fragm.
901 338 971 385 LI.

259 415 369 464 Plat.
404 416 592 465 Phaedr.
624 437 666 485 p.
697 418 807 476 242,
844 418 889 465 C.

241 500 619 564 Ἐδυςωπούμην,
667 504 771 550 κατ’
814 499 999 563 Ἰβυκο
1012 519 1066 566 ν,
1119 502 1185 559 μή
1227 518 1273 548 τι
1315 506 1446 566 παρὰ

128 583 254 628 θεοῖς
296 581 558 635 ἀμπλακὼν
605 582 746 636 τιμὰν
787 581 900 641 πρὸς
942 582 1209 642 ἀνθρώπων
1253 587 1440 643 ἀμείψω.

131 658 236 721 Quo
270 670 557 724 respexerunt
590 659 793 725 Xenoph.
821 660 999 706 Memm.
1022 662 1055 717 I,
1084 665 1128 719 3,
1160 663 1203 709 4.
1243 668 1324 710 καί
1349 668 1443 711 τῶν

128 740 285 787 ἄλλων
317 744 366 788 δὲ
398 758 577 801 μωρίαν
611 741 877 804 κατηγόρει,
914 746 1069 793 οἵτινες
1095 746 1228 804 παρα
1256 747 1317 790 τα
1350 749 1438 793 υπὸ

127 822 221 866 τῶν
249 824 374 867 θεῶν
415 822 730 877 σημαινόμενα
763 825 950 868 ποιοῦσί
979 840 1053 884 τι,
1109 828 1441 882 φυλαττόμενοι

126 902 216 958 τὴν
243 903 374 962 παρά
405 909 499 952 τοῖς
523 903 791 964 ἀνθρώποις
822 906 1047 965 ἀδοξίαν,
1085 904 1206 966 quod
1233 906 1439 954 observa-

115 981 186 1036 ¹vit
219 980 452 1028 Ruhnken.
486 981 693 1047 Opuscc.
730 984 764 1041 I,
800 1002 842 1048 p.
880 984 987 1030 389.
1026 984 1240 1035 Friedem.
1335 989 1438 1037 Plu-

124 1061 264 1112 tarch.
303 1073 486 1127 quaesit.
521 1062 677 1129 Symp.
712 1065 801 1122 IX,
841 1066 913 1113 15.
946 1082 989 1130 p.
1015 1065 1122 1116 748.
1159 1067 1204 1113 C.
1252 1072 1321 1116 διὸ
1361 1074 1441 1117 καί

123 1148 382 1208 πέπονθεν,
427 1146 460 1193 ὃ
487 1147 709 1208 φοβηθείς
736 1145 954 1207 Ἴβυκος
986 1150 1200 1211 ἐποίησε,
1254 1154 1439 1196 δέδοικα

122 1225 189 1281 μή
219 1241 266 1271 τι
302 1226 435 1287 παρὰ
468 1232 593 1276 θεοῖς
624 1227 888 1281 ἀμπλακὼν
921 1228 1060 1281 τιμάν
1102 1229 1214 1288 πρὸς
1251 1231 1436 1290 ἀνθρὼ-

123 1322 226 1351 πων
257 1308 447 1365 ἀμείψω.
515 1306 671 1374 Synes.
710 1324 808 1372 epp.
849 1308 953 1354 105.
1007 1308 1062 1353 οὐ
1097 1309 1188 1368 γαρ
1224 1310 1437 1370 νεώτερόν

121 1390 217 1434 ἐστι
248 1389 302 1435 τὸ
339 1391 464 1451 δέος,
515 1390 642 1435 ἀλλά
676 1391 759 1435 και1
787 1394 893 1434 λίαν
925 1392 1152 1451 ἀρχαῖον,
1204 1389 1257 1434 τὸ
1292 1390 1357 1444 μή
1393 1408 1436 1435 τι

123 1470 227 1530 περί
255 1469 371 1514 θεὸν
401 1470 662 1523 ἀμπλακὼν
694 1469 835 1524 τιμὰν
867 1470 979 1530 πρὸς
1007 1469 1275 1529 ἀνθρώπων
1305 1470 1434 1528 ἐψεύ-

122 1566 201 1610 ρω.
297 1547 459 1595 Marin.
503 1549 574 1595 vit.
610 1547 754 1597 Procl.
794 1549 833 1594 1.
880 1549 1037 1603 δεδιὼς
1072 1550 1175 1594 κατ’
1211 1548 1435 1610 Ἴβυκον

118 1630 259 1685 μήτοι
289 1631 344 1675 οὐ
378 1630 509 1690 παρὰ
539 1635 691 1692 θεοῖς,
721 1634 789 1680 ὥς
821 1646 912 1675 που
943 1633 1106 1679 ἐκεῖνος
1137 1632 1225 1688 ἔφη
1239 1664 1258 1692 ,
1303 1632 1434 1692 παρὰ

120 1713 171 1757 δὲ
211 1711 347 1772 ἀνδρί
374 1711 506 1774 σοφῷ
546 1712 810 1766 ἀμπλακὼν
845 1710 985 1765 τιμὰν
1019 1711 1130 1771 πρὸς
1168 1711 1433 1772 ἀνθρώπων

119 1794 308 1850 ἀμείψω.
398 1789 523 1837 Suid.
560 1809 593 1837 s.
629 1810 666 1837 v.
709 1792 775 1848 μή
809 1808 892 1836 τοι.
936 1792 1173 1847 μηδαμῶς.
1217 1790 1348 1836 οὔπω
1384 1797 1432 1838 δὲ

117 1877 323 1920 ἑπειθετο
367 1873 434 1937 τῷ
471 1873 790 1934 προςτάγματι
831 1874 858 1919 0‘
893 1875 1144 1934 Ἰσίδωρος,
1208 1874 1334 1917 ἀλλα
1375 1875 1429 1918 τὸ

119 1957 203 2000 τοῦ
247 1955 470 2017 Ἰβύκου
518 1958 624 2004 ἔπος
671 1955 816 2000 αὐτὸν
855 1953 1007 2014 ἐπῄει,
1072 1952 1138 2009 μή
1181 1968 1254 1998 τοι
1300 1954 1431 2013 παρα

117 2040 240 2084 θεοῖς
284 2037 546 2090 ἀμπλακὼν
588 2036 729 2091 τιμὰν
772 2036 884 2096 πρὸς
929 2033 1196 2093 ἀνθρώπων
1238 2035 1427 2094 ἀμείψῃ,

119 2133 249 2180 quem
286 2114 430 2163 locum
463 2117 638 2163 Kuster.
675 2116 729 2172 II,
766 2133 808 2180 p.
846 2116 953 2162 555.
991 2130 1041 2159 ex
1078 2111 1238 2158 Isidori
1284 2111 1428 2177 philo-

118 2194 248 2260 sophi
280 2194 366 2242 vita
405 2214 428 2242 a
462 2196 696 2243 Damascio
731 2195 978 2260 conscripta
1014 2194 1323 2259 depromptum
1357 2211 1427 2240 ar-

118 2274 315 2322 bitratur.
403 2276 525 2324 Idem
568 2278 692 2325 Suid.
729 2294 763 2324 s.
807 2295 846 2326 v.
889 2276 1166 2332 ἀμπλακὼν.
1213 2276 1426 2336 ἁμαρτή-

117 2374 213 2408 σας.
252 2360 378 2404 ἀλλά
418 2359 470 2405 τὸ
510 2359 726 2421 Ἰβύκου
769 2362 875 2408 ἔπος
922 2358 1067 2403 αὐτὸν
1100 2357 1256 2415 ἐπῄει·
1315 2357 1426 2412 μήτι

116 2439 247 2499 παρὰ
302 2445 426 2489 θεοῖς
479 2441 742 2495 ἀμπλακὼν
796 2440 934 2495 τιμὰν
992 2438 1105 2499 πρὸς
1160 2439 1425 2498 ἀνθρώπων

115 2523 307 2577 ἀμείψω.
396 2519 600 2584 Denique
635 2518 752 2567 idem
786 2506 911 2568 Suid.
949 2537 981 2565 s.
1015 2538 1053 2565 v.
1101 2519 1308 2582 Ἰβυκειον
1342 2525 1423 2579 ρη-

113 2606 289 2648 σείδιον.
322 2603 448 2647 ἀλλὰ
474 2602 529 2648 τὸ
565 2601 782 2663 Ἰβύκου
815 2605 921 2652 ἔπος
953 2602 1099 2647 αὐτὸν
1127 2600 1280 2658 ἐπῄει·
1313 2601 1423 2655 μήτι

1106 2679 1206 2728 14*
