1677 3059
682 225 746 234 —
859 195 954 243 174
1058 226 1122 234 —

253 336 435 384 tendum
457 335 692 393 existimet,
729 335 851 401 quod
882 346 1014 401 poeta
1035 334 1266 400 Rheginus
1300 349 1342 385 et
1368 343 1565 392 παλαιὸς

255 429 299 467 et
329 418 482 478 λόγιος
515 418 633 477 ἀνὴρ
672 426 721 462 ut
755 415 841 474 illi,
892 415 1119 479 digressus
1154 435 1181 464 a
1218 419 1418 484 priorum
1461 438 1564 468 sen·

254 498 389 547 tentia
420 507 649 563 poetarum
682 513 844 543 novum
888 496 1108 562 quendam
1142 499 1413 547 arcessiverit
1451 502 1563 549 Her-

256 580 396 628 culem
430 594 618 641 eumque
638 575 946 626 abhorrentem
981 577 1036 624 ab
1061 575 1209 624 indole
1236 578 1354 642 ejus,
1390 581 1564 645 qualem

254 668 578 726 proposuerant
609 657 682 705 illi.
757 658 892 724 Cujus
916 658 1170 725 pravitatem
1190 659 1456 725 opinationis
1482 660 1564 708 hae

253 742 378 808 ipsae
410 739 622 805 reliquiae
657 750 907 804 coarguent.

667 892 901 955 Fragm.
958 892 1140 941 XXVH,

381 987 540 1035 Athen.
570 985 625 1043 H,
659 1004 702 1050 p.
737 988 814 1044 57,
849 987 896 1034 F.

381 1068 598 1131 Ἴβυκος
635 1071 683 1114 έν
716 1072 911 1129 πέμπτῳ
954 1068 1104 1123 μελῶν
1138 1070 1240 1130 περιι
1285 1069 1564 1114 Μολιονιδῶν

253 1154 389 1210 φησί·

385 1230 498 1279 Τοὺς
527 1246 577 1275 τε
607 1234 883 1279 λευκίππους
912 1228 1075 1290 κόρους

383 1316 521 1356 τέκνα
552 1310 778 1360 Μολιόνας
800 1310 989 1372 κτάνον,

384 1392 575 1453 ἅλικας,
612 1391 938 1452 ἰσοκεφάλους,
972 1393 1194 1450 ἑνιγυίους

386 1474 671 1532 ἀμφοτέρους
702 1472 941 1533 γεγαῶτας
965 1475 1012 1518 ἐν
1045 1473 1142 1534 ὠέῳ
1176 1472 1399 1532 ἀργυρέῳ.

384 1590 750 1606 -υῆ--υῄ

361 1841 587 1905 Albz'sque
621 1846 764 1885 vectos
798 1837 929 1902 equis
952 1835 1138 1901 juvenes
1156 1831 1294 1898 filios
1326 1832 1565 1879 Molionae

255 1922 487 1985 intercepi,
519 1918 766 1984 aequales,
795 1934 938 1981 pares
960 1916 1202 1980 capitibus,
1239 1914 1564 1971 unimembres‚

255 2012 508 2067 utrumque
529 2008 823 2065 prognatum
857 2000 907 2045 ιή
940 2016 1021 2045 ovo
1059 2006 1290 2060 argenteo.

375 2104 474 2150 Huc
497 2110 663 2166 spectat
688 2097 884 2145 Eustath.
913 2117 955 2164 p.
985 2097 1125 2154 1321,
1147 2096 1223 2144 21.
1248 2097 1375 2143 Rom.
1415 2096 1566 2154 Ὅμη-

257 2202 332 2247 ρος
364 2189 446 2241 μὲν
480 2182 696 2237 διδύμους
729 2183 901 2240 ἱστορεῖ
925 2181 1093 2228 ἁπλῶς.
1126 2181 1169 2225 οἱ
1198 2182 1274 2242 δέ,
1319 2182 1424 2225 κατ’
1457 2181 1565 2239 Ἀρί-

258 2282 488 2326 σταρχον,
533 2263 623 2315 οὐχ
655 2265 799 2311 οὕτως
830 2255 927 2307 οἷον
960 2261 1086 2307 κατὰ
1116 2260 1223 2310 τούς
1255 2258 1565 2321 Λιοςκούρους,

258 2346 382 2392 ἀλλὰ
413 2345 538 2391 κατὰ
568 2345 651 2389 τὸν
679 2343 882 2389 Ἠσιόδου
915 2342 1072 2396 μῦθον
1117 2343 1198 2386 καί
1237 2346 1434 2403 διφυεῖς,
1478 2339 1564 2386 δυο

259 2431 341 2482 μέν
374 2429 563 2479 ἔχοντας
596 2426 820 2485 σώματα,
864 2421 1219 2480 συμπεφυκὸτας
1252 2426 1299 2467 δέ
1340 2438 1393 2482 γε
1424 2420 1567 2477 οὶλλή-

261 2514 366 2556 λοις.
408 2536 468 2542 —-
552 2508 736 2561 Ῥητέον
775 2508 815 2549 δ’
847 2505 1055 2549 ἐνταῦθα
1098 2505 1179 2549 καί
1210 2502 1281 2550 ὅτι
1321 2503 1387 2566 τῷ
1419 2506 1575 2560 διφυεῖ

262 2590 357 2634 τῶν
377 2588 678 2649 Ἀκτοριώνων
698 2590 927 2642 τιθέμενος
950 2586 1031 2631 καί
1049 2586 1074 2631 ὁ
1098 2602 1134 2640 μ
1147 2590 1318 2631 ελοπο
1332 2585 1414 2634 ιὸς
1433 2582 1473 2629 Ἴ
1476 2587 1503 2645 β
1515 2597 1566 2626 υ-
