1677 3059
556 230 618 242 —
731 204 792 250 65
914 231 978 239 .-

121 343 339 406 Ὲτερῶν,
372 345 614 406 ἑτερῶνος,
647 341 903 405 ἑτερώνιος,
937 343 1208 407 ανεμώνιος,
1246 349 1430 402 ἐτοιμώ-

120 439 239 487 νιος,
289 423 562 474 Ἑλικώνιος.
612 424 670 470 τά
717 426 768 470 δέ
809 424 891 470 δια
931 426 1017 470 τοῦ
1048 441 1140 487 ιος,
1195 443 1232 471 ει
1261 431 1344 482 μὲν
1375 430 1428 473 τὸ

119 503 425 566 πρωτότυπον
466 507 524 554 εἰς
555 521 603 555 ος
634 506 757 567 ἔχει,
805 504 886 550 δια
917 506 1002 550 τοῦ
1029 523 1186 567 ησιος,
1226 505 1428 570 Ἴθακος,

120 584 406 646 Ἰθακήσιος,
440 584 698 645 βροτήσιος.
732 587 771 630 εἰ
800 587 849 630 δε
880 589 1089 645 τρεποιτο
1123 580 1158 644 ἦ
1190 602 1273 632 του
1304 604 1428 648 πρω-

116 665 320 710 τοτύπου
350 668 408 714 εἰς
441 682 473 710 α
506 666 638 724 παρὰ
662 666 898 728 Δωριεῦσι,
927 666 1003 712 διὰ
1031 669 1117 711 τοῦ
1143 684 1195 730 α,
1222 669 1428 728 πρυμνα-

116 761 243 808 σιον,
298 745 624 806 Κορυφάσιον.
677 746 822 795 οὕτως
854 749 944 797 ἔχει
979 749 1060 792 καί
1090 747 1142 791 τὸ
1178 748 1426 811 Κορασιον,

117 826 147 874 ὃ
172 825 347 880 μᾶλλον
368 827 465 870 ἐστι
487 826 812 872 Μακεδονικόν.
843 854 904 862 --
968 824 1111 892 Etym.
1137 824 1254 872 Gud.
1281 843 1323 890 p.
1349 830 1426 885 73,

117 904 193 952 44.
244 908 352 952 ἔθος
381 906 480 950 ἐστι’
509 906 603 950 τῶν
638 907 860 966 Ῥηγίνων
893 909 1146 970 διαλέκτῳ,
1191 907 1244 954 τὸ
1267 902 1304 954 ἶ
1330 913 1427 968 τρέ-

113 1001 215 1032 πειν
242 988 301 1034 εἰς
331 973 386 1047 17,
419 984 474 1030 τὸ
509 984 601 1044 γὰρ
636 990 806 1032 σπείσω
834 990 1011 1032 σπένσω
1043 992 1225 1048 λέγουσι
1258 991 1340 1034 καί
1370 990 1424 1035 τὸ

112 1068 234 1112 ἔνδοι
263 1067 416 1111 ἔνδον.
452 1066 534 1111 καί
566 1065 620 1111 τὸ
655 1066 865 1126 ἐρεβεινός
892 1068 1138 1130 ἐρεβεννὸς,
1181 1069 1292 1130 ὅπερ
1324 1073 1434 1117 ἀπὸ

112 1147 198 1194 τοῦ
227 1148 402 1208 ἔρεβος,
437 1145 562 1191 οὕτω
598 1147 677 1190 καί
708 1146 803 1192 οὶπὸ
839 1148 922 1192 τοῦ
958 1148 1167 1207 α’ργεινὸς
1198 1151 1423 1210 οέργεννός.

112 1231 158 1275 οἱ
189 1230 240 1275 δὲ
271 1227 446 1272 Σικελοί
477 1226 530 1271 τὸ
564 1228 792 1272 ἐναντίον.
827 1226 880 1271 τὸ
915 1227 1005 1286 γὰρ
1041 1232 1220 1275 σπὲνσω
1253 1236 1423 1277 σπείσω

111 1313 293 1370 λέγουσι
325 1309 406 1353 καί
431 1306 484 1353 τὸ
517 1311 573 1352 ού
599 1310 761 1361 μέντον
790 1311 846 1353 οὐ
868 1309 1033 1361 μέντοι.
1100 1305 1164 1353 Ita
1191 1308 1304 1355 enim
1326 1328 1422 1357 cor-

112 1385 298 1450 rigenda
333 1385 535 1442 fuerunt,
572 1403 684 1449 quae
713 1384 844 1448 vulgo
868 1403 1001 1432 sensu
1034 1404 1155 1434 cassa
1191 1389 1420 1438 circumse-

112 1466 326 1514 rebantur
348 1470 545 1528 σπείδω,
580 1470 756 1512 σπένδω
767 1484 792 1529 ,·
829 1472 1036 1529 σπένδω,
1071 1474 1258 1533 σπείδω,
1293 1489 1421 1536 prae-

110 1557 239 1595 eunte
273 1544 470 1593 Mueller.
507 1546 638 1592 Dorr.
675 1546 729 1602 II,
766 1565 808 1611 p.
847 1548 953 1593 519.
1046 1548 1286 1596 Dorienses
1329 1569 1419 1598 non

107 1624 451 1673 reformidarunt
495 1626 612 1674 hunc
656 1626 988 1674 consonantium
1035 1627 1331 1693 complexum,
1382 1650 1417 1677 v.

108 1705 304 1772 exempla
337 1723 405 1772 ap.
441 1706 638 1754 Mueller.
675 1705 701 1753 l.
735 1725 770 1753 c.
842 1705 950 1753 Cum
982 1706 1198 1770 Rheginis
1233 1708 1419 1757 formam

107 1792 284 1836 σπὲνσω
318 1805 592 1835 communem
621 1787 830 1835 habuisse
864 1786 1073 1834 dicuntur
1099 1788 1328 1836 Cretenses
1356 1801 1419 1837 at-

107 1885 194 1934 que
225 1867 404 1931 Argivi,
441 1867 518 1914 cfr.
556 1868 792 1915 Herodian.
826 1868 873 1914 in
908 1866 1008 1915 Ald.
1042 1867 1152 1914 hort.
1190 1869 1335 1916 Adon.
1373 1890 1415 1936 p.

104 1951 224 2007 4093
258 1948 456 1996 Eustath.
494 1948 540 1996 Il.
579 1949 695 2006 VHI,
730 1967 771 2014 p.
809 1950 919 2006 722,
952 1950 1025 1996 60.
1063 1951 1214 2006 R0m.;
1261 1949 1418 1997 iidem-

108 2049 193 2097 que
226 2048 325 2078 cum
348 2028 505 2077 iisdem
529 2035 587 2077 οὐ
615 2036 778 2086 μέντον
789 2065 807 2093 ,
842 2048 879 2075 v.
909 2028 1127 2076 Heraclid.
1153 2048 1220 2095 ap.
1245 2030 1366 2077 Eust.
1388 2031 1413 2077 l.

109 2129 144 2158 c.
177 2128 220 2175 p.
244 2112 355 2168 722,
376 2111 451 2159 58.
518 2111 588 2158 De
625 2109 780 2156 formis
813 2114 1059 2173 ἐρεβεννὸς,
1104 2113 1295 2170 φαεννὰς
1324 2111 1414 2158 rell.

108 2191 216 2239 dixit
245 2191 437 2238 Boeckh.
472 2201 587 2238 nott.
625 2191 735 2238 critt.
770 2190 899 2238 Pind.
934 2191 1003 2237 Ol.
1030 2191 1063 2246 Ι,
1101 2191 1156 2247 6,
1203 2190 1257 2238 de
1291 2203 1412 2239 metr.

105 2270 234 2319 Pind.
273 2290 315 2336 p.
337 2271 457 2328 292;
492 2271 548 2319 de
576 2276 709 2319 ἔνδον
737 2270 941 2337 Apollon.
966 2270 1087 2318 Alex.
1124 2271 1180 2318 de
1203 2272 1412 2319 adverbb.

105 2351 150 2398 in
172 2350 306 2399 Bekk.
330 2350 529 2397 Anecdd.
549 2369 592 2416 p.
612 2353 723 2409 609,
746 2356 831 2408 32;
865 2352 974 2408 610,
1004 2353 1075 2398 13.
1113 2350 1240 2414 Quae
1268 2353 1414 2400 onmia

105 2451 129 2478 a
153 2430 387 2479 Messeniis
412 2430 638 2493 Rheginos
660 2433 882 2499 accepisse
906 2430 1194 2479 certissimum
1218 2444 1297 2491 est,
1333 2432 1410 2480 cfr.

103 2512 300 2560 Mueller.
336 2511 465 2557 Dorr.
500 2510 554 2567 H,
585 2530 627 2576 p.
658 2516 765 2561 530.

230 2594 295 2641 Ex
332 2591 486 2640 eodem
511 2591 631 2640 fonte
665 2593 896 2659 profluxit,
931 2593 1104 2658 opinor,
1139 2593 1301 2640 idioma
1327 2593 1410 2641 late

1107 2676 1135 2720 5
