1677 3059
541 227 605 235 —
719 201 807 245 173
917 225 980 234 -

107 343 256 408 ptione
291 340 532 386 venationis
571 340 665 404 apri
698 336 946 401 calydonii,
982 339 1134 403 nequit
1166 341 1323 390 dirimi.
1352 378 1410 385 -.

111 422 312 469 Ceterum
333 420 444 467 liber
474 420 611 467 Paris.
647 418 777 484 primi
812 418 912 464 libri
939 419 1192 466 memoriam
1218 423 1411 484 reticuit;

109 513 202 548 tum
245 501 450 549 Valcken.
496 499 542 545 in
591 498 753 545 Gallim.
800 498 919 561 Eleg.
956 518 997 564 p.
1030 502 1103 546 70.
1151 501 1206 548 de
1252 504 1412 554 fabulis

108 581 403 645 Endymionis
451 580 583 627 verba
618 578 781 625 faciens
816 596 897 642 pro
934 582 1226 641 Σπαρτιάτην
1267 604 1412 634 emen-

111 662 228 708 davit
267 663 533 724 Καριάτην,
585 660 627 709 h.
664 679 697 706 e.
735 661 885 720 Κᾶρα.
974 661 1085 706 Nam
1119 672 1226 711 teste
1262 666 1411 734 Steph,

110 743 216 808 Byz.
240 761 273 792 S.
297 762 333 787 v.
358 748 527 802 Καρία.
563 744 590 788 ὁ
623 743 821 802 οἰκήτωρ
856 743 1025 801 Κὰριος
1052 746 1132 787 καί
1165 751 1411 808 Καριάτης.

111 822 334 869 Turbatus
381 833 523 867 autem
569 822 740 867 videtur
783 821 993 884 Stephani
1040 821 1160 868 locus
1200 825 1413 877 dubitari-

112 919 197 966 que
220 920 348 966 quam
382 902 564 947 maxime
598 912 754 966 potest,
788 912 934 947 utrum
972 901 1025 948 de
1052 921 1149 949 arce
1179 904 1412 968 Megaren-

110 982 223 1029 sium
258 982 384 1029 Caria
419 980 527 1026 illud
562 979 782 1030 ethnicum
817 1000 976 1028 nomen
1009 983 1194 1031 voluerit
1215 986 1413 1053 intelligi,

111 1080 191 1119 an,
234 1062 354 1126 quod
383 1061 560 1125 quidem
586 1060 655 1107 vix
686 1061 920 1120 credibile,
958 1062 1011 1110 de
1044 1064 1218 1114 natione
1242 1070 1412 1118 Carum.

110 1143 251 1205 Igitur
286 1142 457 1190 haereo.

478 1289 521 1336 4.
594 1289 1046 1338 Herculea.

246 1382 418 1429 Nullam
461 1384 598 1430 miror
633 1385 754 1452 Ibyci
794 1385 1001 1433 habuisse
1044 1387 1255 1437 rationem
1302 1411 1413 1450 eum,

114 1463 189 1528 qui
223 1482 365 1529 nuper
400 1463 607 1511 laudabili
644 1467 839 1513 instituto
877 1468 1111 1516 Herculeas
1150 1490 1220 1518 res
1259 1491 1307 1519 ex
1343 1493 1413 1521 or-

113 1544 215 1590 dine
247 1545 507 1610 scriptorum
545 1564 745 1593 enarrare
778 1547 994 1611 suscepit,
1031 1548 1129 1595 dico
1157 1551 1413 1611 Vogele'11nt,

113 1626 221 1671 Hal.
249 1627 358 1671 Sam.
390 1627 528 1681 1830,
551 1626 592 1672 4.
664 1628 711 1672 In
751 1646 835 1691 qua
865 1628 933 1673 ille
957 1648 1111 1675 caussa
1131 1628 1289 1685 habet,
1327 1650 1414 1694 quo

112 1722 159 1751 se
189 1716 363 1752 tueatur
396 1706 550 1751 veteris
595 1707 821 1771 scriptoris
860 1708 1101 1773 exemplum
1137 1709 1413 1758 multifariam

112 1785 294 1843 eruditi,
338 1786 586 1844 Plutarchi,
635 1787 709 1851 qui
746 1788 1018 1834 nobilissimo
1055 1788 1150 1835 loco
1187 1789 1241 1836 ‹le
1277 1790 1416 1837 Hero-

114 1865 201 1912 dot.
242 1864 418 1930 malign.
455 1868 518 1924 II,
555 1886 596 1932 p.
634 1869 745 1925 857,
781 1870 829 1916 E.
879 1868 942 1915 vel
988 1869 1218 1932 indignum
1263 1870 1415 1918 habuit

111 1957 283 2011 poetam
309 1966 437 2012 quem
458 1949 719 1996 relicuorum
740 1948 866 1995 seriei
892 1949 1168 2014 interjiceret,
1205 1950 1269 1997 vel
1295 1951 1415 2016 quod

112 2025 290 2073 inclinat
327 2029 496 2076 animus
531 2041 578 2076 ut
614 2030 754 2093 magis
791 2029 990 2087 credam,
1037 2031 1263 2093 ignoravit.
1349 2032 1415 2078 Ibi

114 2107 222 2153 haec
267 2108 426 2173 scripta
459 2122 582 2158 sunt:
630 2116 797 2158 Καίτοι
837 2111 929 2156 τῶν
975 2112 1186 2157 παλαιῶν
1229 2114 1311 2158 καί
1340 2120 1417 2159 λο-

114 2196 228 2250 γίων
260 2192 442 2250 ἀνδρῶν
460 2196 550 2245 οὐχ
573 2194 803 2255 ζΌμηρος,
839 2195 927 2244 οὐχ
952 2195 1175 2254 Ἡσίοδος,
1209 2194 1295 2238 οὐκ
1327 2199 1417 2254 Ἀρ-

116 2277 324 2333 χίλοχος,
357 2274 411 2317 οὐ
447 2278 747 2334 Πείσανδρος,
784 2277 838 2319 ου’
875 2276 1176 2335 Στησίχορος,
1207 2277 1295 2317 οὐκ
1326 2277 1416 2322 Ἀλ-

117 2353 267 2414 κμάν,
321 2353 376 2396 ου’
412 2356 632 2412 Πίνδαρος
664 2356 916 2412 Αἰγυπτίου
950 2355 1084 2403 ἔσχον
1117 2353 1256 2412 λόγον
1290 2356 1417 2414 Ἠρα-

118 2437 271 2481 κλέους
310 2433 342 2487 ἢ
377 2436 608 2492 Φοίνικος,
649 2435 752 2477 ἀλλ’
792 2437 871 2479 ἕνα
903 2433 1068 2478 τοῦτον
1100 2433 1224 2477 ἴσασι
1256 2432 1419 2482 πάντες

117 2517 336 2574 Ἠρακλέα
369 2514 450 2558 τὸν
483 2513 698 2559 Βοιώτιον
728 2515 838 2569 ἡμῖν
868 2515 948 2559 καί
979 2518 1176 2572 Ἀργεῖον.
1266 2512 1417 2575 Neque

115 2610 216 2638 vero
251 2592 344 2638 fore
381 2591 536 2648 credo,
587 2590 663 2655 qui
699 2591 916 2639 silentium
951 2590 1173 2638 Plutarchi
1209 2609 1259 2638 eo
1294 2609 1419 2656 repe-
