1677 3059
574 238 635 245 ·—-
742 210 834 257 197
941 238 1006 246 —

126 349 292 396 simam.
359 349 490 397 Unde
521 349 682 396 factum
719 360 806 408 est,
842 359 890 396 ut
919 349 950 396 ii
976 356 1130 414 poetae
1166 351 1434 400 carminibus

125 430 456 489 intersererem,
493 430 569 495 qui
593 448 639 477 se
668 430 724 477 ad
744 430 987 496 vulgarium
1005 427 1233 476 hominum
1260 443 1433 496 captum

124 509 411 558 demitterent.
480 511 536 557 Et
571 509 624 558 de
659 510 878 576 Sophocle
914 511 1093 576 quidem
1126 510 1230 557 satis
1268 511 1432 559 dictum

120 591 166 638 in
216 591 479 655 antegressis
529 601 615 639 est:
674 591 948 639 Dinolochus
1009 591 1314 658 Syracusanus
1366 591 1431 639 vel

119 673 464 736 Agrigentinus,
498 684 605 720 teste
639 670 799 729 Suida,
835 672 950 721 circa
986 671 1055 721 Ol.
1092 672 1278 718 LXXIII
1310 673 1428 736 vige-

119 753 206 800 bat.
286 754 350 800 Ex
388 751 717 818 quatuordecim
756 770 865 818 quas
904 753 1134 818 scripsisse
1170 752 1428 816 perhibetur

118 834 280 882 fabulis
315 846 487 899 praeter
521 832 669 880 titulos
711 833 907 898 quinque
939 833 1048 881 nihil
1084 833 1174 879 fere
1210 844 1423 878 servatum

118 924 274 962 exstat:
322 917 607 971 Amazones,
654 912 904 977 Telephus,
940 914 994 961 dc
1031 913 1193 979 quibus
1230 932 1265 960 v.
1305 913 1424 977 Gry-

114 1012 198 1041 sar.
235 995 289 1042 de
325 1013 435 1042 com.
467 996 598 1043 Dorr.
628 995 663 1052 I,
696 1014 741 1061 p.
770 996 846 1043 82.
881 996 957 1043 83.
1005 993 1184 1057 Quibus
1218 993 1423 1040 addimus

115 1094 227 1140 quae
268 1075 476 1140 fugerunt
512 1075 780 1143 Grysarum,
833 1075 1049 1122 Medeam
1085 1074 1203 1141 apud
1239 1074 1419 1122 Antiatt.

111 1156 246 1203 Bekk.
271 1156 304 1213 I,
329 1176 370 1222 p.
399 1156 505 1212 114,
528 1159 594 1213 5.,
629 1156 882 1203 Alllzaeam
905 1175 971 1221 ap.
999 1155 1128 1203 eund.
1159 1174 1200 1220 p.
1225 1158 1303 1212 28,
1326 1156 1418 1212 29.,

112 1237 614 1299 Comodotragoedt'mn
652 1238 772 1303 apud
808 1237 937 1285 eund.
975 1255 1015 1302 p.
1057 1237 1164 1292 112,
1197 1237 1272 1282 29.
1353 1235 1417 1281 Ex

111 1317 274 1382 quibus
325 1317 691 1383 inscriptionibus
739 1336 949 1383 apparere
1004 1335 1230 1363 censemus
1285 1334 1416 1379 argu-

107 1408 253 1445 menta
295 1416 395 1446 eum
429 1398 727 1463 mythologica
762 1399 819 1445 ad
855 1397 1106 1446 comoediae
1142 1396 1416 1444 festivitatem

107 1478 378 1537 traduxisse,
415 1497 525 1544 quae
559 1479 730 1526 indoles
762 1479 845 1525 suit
877 1478 1144 1526 Italiotarum
1180 1489 1309 1543 atque
1342 1477 1413 1524 Si-

108 1560 329 1618 culorum,
365 1580 401 1607 v.
431 1561 612 1627 Grysar.
648 1560 673 1607 l.
711 1580 772 1618 c.,
804 1560 944 1607 Bentl.
981 1560 1170 1625 Opuscc.
1207 1578 1249 1624 p.
1277 1559 1412 1616 4134

105 1642 291 1689 sortasse
325 1641 438 1689 hanc
474 1642 528 1688 de
565 1641 749 1707 dipsade
785 1640 980 1688 fabulam
1011 1641 1057 1687 in
1084 1640 1244 1687 Medea
1279 1658 1411 1705 expo-

103 1734 272 1771 suerat:
323 1741 434 1788 quae
467 1721 665 1769 homines
700 1741 826 1770 senes
858 1722 916 1769 ita
952 1722 1053 1768 fecit
1086 1738 1410 1786 repuerascere,

102 1816 151 1851 ut
192 1815 415 1868 serpentes
459 1805 613 1869 quovis
662 1822 777 1851 anno
827 1803 1031 1851 destricta
1076 1801 1189 1867 pelle
1233 1801 1409 1865 juvene-

101 1896 241 1932 scunt.
307 1884 470 1952 Ibycus
503 1897 645 1932 autern
681 1897 827 1932 utrum
852 1883 1064 1947 singulari
1092 1882 1281 1930 carmine
1316 1901 1408 1929 rem

101 1966 394 2024 exornaverit,
450 1985 504 2013 an
553 1966 661 2013 alius
713 1965 879 2013 ambitu
926 1963 1174 2022 incluserit,
1229 1961 1407 2010 difficile

101 2047 221 2093 dictu
265 2059 339 2094 est.
418 2048 470 2095 In
505 2067 598 2095 eam
633 2060 777 2095 tamen
811 2044 1046 2113 proclivior
1091 2063 1188 2091 sum
1222 2056 1406 2109 partem,

99 2139 146 2174 ut
180 2127 373 2175 fabulam
408 2147 434 2175 a
466 2128 757 2195 popularibus
794 2128 884 2175 suis
921 2125 1129 2173 creditam
1166 2143 1405 2189 eorumque

97 2219 145 2254 ut
178 2207 350 2254 videtur
388 2210 613 2274 propriam
648 2209 858 2275 peculiari
894 2205 1084 2254 carmine
1127 2216 1405 2270 persecutum

97 2299 295 2334 statuam.
375 2289 573 2336 Aristeae
610 2302 752 2338 autem
796 2308 955 2336 nomen
995 2288 1109 2333 inter
1153 2286 1404 2333 comoediae

97 2379 295 2415 auctores
339 2368 502 2416 frustra
548 2372 833 2435 quaesiveris:
891 2368 1012 2434 quod
1046 2367 1177 2414 nobis
1225 2366 1403 2431 quidem

98 2449 387 2516 corruptelam
423 2450 594 2497 videtur
625 2453 820 2500 traxisse.
886 2452 997 2497 Nam
1025 2447 1146 2512 quod
1167 2447 1399 2495 VVelcker.

95 2529 211 2594 Allg.
249 2529 468 2593 Schulztg.
500 2532 637 2579 1830.
662 2534 713 2578 Π.
745 2553 808 2579 nr.
834 2535 908 2580 56.
932 2550 971 2595 p.
998 2529 1105 2576 449.
1174 2529 1400 2575 Aristium

95 2610 297 2675 intelligit
340 2613 629 2678 satyricarum
675 2612 929 2678 scriptorem
972 2608 1244 2666 fabularum,
1290 2607 1399 2654 Pra-
