1677 3059
542 204 977 250 -37-

105 343 215 390 cker.
250 341 446 407 prolegg.
493 343 538 389 in
583 342 827 404 Theognid.
861 362 902 409 p.
939 343 1082 390 XLIV
1102 361 1197 408 sqq.
1286 344 1339 391 Et
1373 347 1409 391 si

102 424 251 489 Epigr.
292 424 336 470 in
373 442 469 470 nov.
506 423 584 490 lyr.
619 423 752 470 Anth.
789 423 880 471 Pal.
916 426 994 484 IX,
1032 427 1138 477 571.
1176 425 1408 485 ¹Stesicho-

101 523 198 552 rum
233 517 275 552 et
307 504 490 571 Ibycum
524 505 582 550 ita
614 505 858 570 componit:

223 586 403 641 Λοέμπει
433 587 708 648 Στησίχορός
741 605 789 633 τε
823 590 904 633 καί
934 587 1122 650 Ἴβυκος,

96 682 186 711 non
221 677 318 731 apte
354 666 412 712 ob
455 665 638 712 eandem
672 665 819 730 poesis
853 666 1053 713 virtutem
1089 679 1272 732 uterque
1308 660 1406 733 pot-

94 758 185 793 erat
220 745 484 803 collaudari,
519 745 605 792 nisi
633 744 691 791 ad
722 745 906 793 eandem
939 747 1182 794 carminum
1213 749 1404 814 speciem

92 827 371 874 excolendam
405 844 452 873 se
489 825 773 891 applicuisset
808 838 1004 891 uterque.
1073 828 1301 875 Amatoria
1326 847 1403 875 au-

89 917 176 954 tem
218 907 410 954 carmina
454 905 623 954 tametsi
672 907 850 972 scripsit
890 906 1198 966 Stesichorus,
1257 919 1401 956 tamen

87 999 178 1036 toto
206 988 326 1036 caelo
349 987 405 1035 ab
435 985 583 1034 indole
607 986 860 1053 Ibyciorum
891 988 1113 1035 distabant
1143 1007 1287 1054 neque
1322 989 1400 1036 ad-

87 1080 187 1134 epta
221 1080 324 1116 sunt
357 1067 673 1116 celebritatem:
728 1066 893 1115 heroici
926 1070 1171 1132 argumenti
1206 1071 1400 1118 carmina

85 1148 234 1216 lyricis
266 1149 439 1196 astricta
467 1148 662 1195 numeris
693 1147 854 1194 famam
884 1149 976 1196 viro
1013 1151 1399 1199 circumdederunt

84 1229 415 1278 nobilissimam.
499 1231 560 1276 Ut
599 1227 664 1276 vel
705 1245 756 1274 ex
799 1227 881 1277 hae
919 1231 1234 1295 compositione
1271 1232 1397 1280 liceat

83 1311 324 1376 suspicari,
370 1309 556 1377 Ibycum
585 1307 701 1356 idem
735 1328 874 1373 genus
910 1311 1150 1357 carminum
1187 1312 1394 1378 frequen-

82 1401 210 1438 tasse.
277 1391 331 1439 Id
366 1390 489 1456 quod
515 1408 614 1438 vere
645 1390 703 1437 ita
734 1409 852 1449 esse,
890 1391 974 1438 alia
1008 1391 1247 1439 certissime
1275 1393 1393 1440 evin-

83 1483 198 1520 cunt.
264 1473 390 1530 Nam,
428 1490 539 1537 quae
563 1471 820 1534 gravissima
847 1489 1001 1518 caussa
1026 1482 1104 1528 est,
1145 1472 1251 1520 alias
1276 1492 1391 1521 nun—

81 1570 213 1617 quam
246 1564 418 1619 poterat
443 1554 489 1600 in
521 1551 880 1617 disceptationem
901 1553 1070 1610 venire,
1108 1571 1283 1601 carmen
1311 1554 1390 1602 ali-

82 1633 204 1699 quod
238 1633 643 1701 heroico-lyricum
666 1632 1024 1698 Stesichhorumne
1056 1646 1277 1683 auctorem
1311 1637 1388 1684 ha-

79 1714 204 1762 beret
224 1731 279 1761 an
301 1713 508 1782 Ibycum:
547 1713 651 1760 alias
673 1732 762 1760 non
789 1713 1066 1771 haberemus,
1100 1715 1219 1764 unde
1245 1729 1387 1765 artum

76 1794 199 1842 illum
244 1813 430 1854 nexum,
490 1813 620 1860 quem
662 1794 961 1842 intercessisse
992 1795 1106 1842 inter
1150 1807 1386 1862 utrumque

75 1887 248 1941 poetam
283 1875 706 1932 demonstrabimus,
742 1875 1080 1940 explicaremu53
1117 1876 1224 1924 alias
1260 1877 1385 1924 deni-

77 1975 161 2022 que
196 1977 265 2006 res
300 1957 601 2026 mythologas‚
650 1976 702 2004 ex
737 1955 1004 2004 carminibus
1035 1956 1199 2023 Ibyeiis
1236 1975 1382 2005 excer-

75 2049 197 2102 ptas,
246 2058 337 2086 non
369 2050 506 2096 esset,
563 2037 681 2085 unde
715 2038 760 2085 in
803 2037 1024 2085 amatoriis
1059 2037 1247 2084 infuisse
1284 2056 1379 2085 car-

75 2118 266 2166 minibus
299 2120 555 2167 diceremus.

202 2199 398 2263 Apparet
428 2200 586 2263 igstur,
635 2199 702 2246 his
737 2198 943 2247 omnibus
982 2197 1213 2260 diligenter
1246 2218 1377 2264 repu-

71 2280 170 2327 tatis
205 2297 286 2325 nec
324 2280 641 2344 praetermissis
675 2280 753 2336 iis,
811 2299 922 2344 quae
958 2280 1098 2326 statim
1138 2281 1373 2344 exposituri

70 2378 248 2418 sumus,
296 2378 426 2424 quam
460 2372 573 2407 recte
606 2361 660 2407 de
691 2360 867 2426 Ibyciae
901 2360 1047 2425 poesis
1080 2359 1227 2406 indole
1256 2359 1372 2422 judi-

69 2441 228 2490 caverit
260 2439 379 2487 Frid.
421 2439 632 2502 Schlegel.
669 2441 767 2488 hist.
804 2461 923 2505 poes.
963 2441 1063 2488 Grr.
1101 2452 1141 2487 et,
1174 2440 1300 2485 Rom.
1336 2440 1367 2485 I.

65 2542 108 2589 p.
134 2522 243 2570 224.
330 2521 372 2568 Is
419 2521 532 2567 enim
567 2533 739 2584 poetam
782 2523 1034 2585 Rheginum
1069 2538 1215 2567 amore
1248 2539 1367 2567 vesa-

63 2621 170 2651 num
215 2621 306 2650 non
350 2605 550 2667 antiquas
589 2612 794 2649 tractasse
838 2602 1035 2658 fabulas,
1081 2619 1170 2647 non
1212 2599 1365 2648 heroes
