1677 3059
552 191 614 197 ——
729 165 817 210 151
928 194 993 202 —

113 301 309 367 losophi:
343 301 464 364 quod
492 301 630 348 Paris.
658 300 806 349 scholl.
828 301 991 360 volunt,
1022 303 1082 358 id,
1118 306 1290 369 opinor,
1327 328 1413 357 non

110 401 222 447 opus
252 380 473 435 habebant
496 383 782 445 Anaxagorae
807 379 982 429 demum
1013 382 1100 430 fide
1130 389 1408 436 communire.

108 461 198 509 Sed
232 480 288 508 ne
331 462 393 508 sic
432 462 608 526 quidem
651 473 907 527 persanatus
943 461 1064 509 locus
1111 476 1186 512 est.
1275 468 1408 516 Recte

106 543 221 590 enim
243 541 392 589 scholl.
422 543 559 590 Paris.
583 544 890 605 Anaxagoram
918 554 1136 591 auctorem
1160 546 1406 610 perhibent,

102 622 298 670 Lacones
340 634 548 687 tanquam
587 622 716 670 deum
749 622 944 669 venerari
986 624 1225 682 Achillem,
1276 627 1402 674 veluti

101 713 208 749 teste
234 704 363 753 Paus.
394 703 468 758 HI,
492 705 570 759 20,
595 703 638 750 8.
705 701 1030 750 Lacedaemone
1063 705 1298 757 Arcadiam
1326 727 1401 772 pe-

98 783 242 831 tituris
284 782 491 846 templum
525 783 709 829 Achillis
754 783 859 838 suit;
908 783 1023 829 idem
1068 784 1235 831 Brasiis
1266 788 1399 835 sacel-

96 863 186 910 lum
220 862 370 910 scribit
402 863 538 910 fuisse
573 863 649 920 Ill,
683 867 761 921 24,
784 864 826 911 4.
865 862 929 909 cll.
963 864 1036 920 VI,
1076 868 1150 915 23.
1175 868 1218 910 2.
1270 867 1399 913 Unde

95 944 234 991 cultus
278 944 480 1008 migravit
524 943 581 990 ad
623 943 980 1010 AstypalaeataS‚
1029 944 1315 1003 Tarentinos,
1359 967 1394 994 v.

91 1024 289 1073 Mueller.
333 1025 532 1087 Aeginet.
568 1043 610 1089 p.
650 1026 754 1072 162.
815 1024 964 1086 Quare
1002 1023 1049 1070 id
1085 1025 1262 1089 quidem
1306 1046 1394 1075 non

91 1116 262 1169 poterat
302 1104 586 1168 Anaxagoras
622 1104 838 1151 affirmare
868 1105 1064 1152 Lacones
1097 1123 1196 1156 eum
1229 1107 1391 1156 cultum

90 1185 286 1232 divinum
318 1197 478 1232 temere
523 1184 808 1242 confinxisse,
854 1196 901 1232 ut
933 1188 1213 1243 Λακωνικὴν
1247 1186 1389 1236 labem

87 1265 269 1313 traxisse
303 1266 514 1316 videatur.
593 1265 705 1311 Hinc
741 1283 876 1329 quum
908 1265 1191 1329 conjecissem
1223 1275 1314 1318 τοῖς
1342 1274 1391 1316 δέ

87 1350 189 1409 ,περὶ
215 1349 483 1405 Μαιωτικὴν
515 1345 605 1393 scil.
637 1351 830 1409 λίμνην,
870 1348 916 1392 C.
943 1350 995 1394 Ο.
1018 1347 1273 1394 Μιείίεναε
1298 1367 1387 1397 non

84 1427 332 1494 improbato
375 1427 448 1474 illo
496 1427 592 1492 ipse
639 1425 882 1474 emendavit
928 1436 1020 1478 τοῖς
1063 1430 1166 1488 περί
1205 1432 1387 1488 Λευκὴν

83 1512 250 1572 νῆσον,
288 1507 409 1573 quod
440 1506 663 1554 verissime
690 1506 851 1559 sactum
877 1506 1038 1571 judico.
1097 1507 1384 1573 Anaxagoras

81 1589 216 1651 igitur
247 1605 419 1634 omnem
453 1585 648 1634 divinum
673 1585 856 1633 Achillis
887 1586 1049 1634 cultum
1074 1605 1124 1634 ex
1149 1590 1294 1637 Leuca
1314 1591 1382 1638 in-

79 1666 175 1714 sula
207 1667 421 1730 originem
454 1666 631 1714 duxisse
665 1666 836 1713 videtur
859 1679 978 1716 ratus
1001 1686 1118 1715 esse:
1156 1687 1244 1733 quo
1268 1670 1380 1734 jure,

76 1747 193 1794 infra
227 1765 498 1812 quaeremus.
577 1748 752 1794 Partem
785 1747 918 1795 schol.
956 1749 1170 1813 excerpsit
1210 1750 1376 1799 Eudoc.

75 1827 186 1875 Viol.
210 1847 252 1894 p.
273 1828 350 1877 85.
382 1830 500 1885 μετὰ
528 1830 741 1876 θάνατον
769 1829 983 1882 Ἀχιλλεὺς
1014 1831 1154 1887 ἔγημε
1176 1832 1378 1888 Μήδειαν

74 1910 161 1965 τὴν
189 1910 360 1966 Αἰήτου
393 1915 542 1957 παῖδα
572 1913 629 1959 εἰς
656 1911 708 1956 τὸ
743 1910 832 1956 'HQ
864 1914 961 1956 πεδ.
992 1911 1377 1969 παραγενόμενος·

76 2019 135 2025 -—
169 1991 338 2047 Αἰήτης
371 1995 420 2037 δὲ
460 2023 900 2038 ..........
947 1992 1027 2035 καί
1052 1987 1262 2053 Ἄψυρτος
1283 2011 1374 2029 -·

73 2072 154 2117 καί
183 2071 318 2116 τοῦτο
352 2072 532 2131 πρῶτος
563 2071 785 2135 Ἴβυκος
817 2075 963 2134 εἴρηκε
999 2073 1079 2116 καί
1111 2077 1370 2130 Σιμωνίδης.

71 2151 135 2197 Ita
160 2149 266 2196 haec
288 2149 420 2196 verba
441 2150 727 2216 imperatricis
751 2150 996 2204 dirimenda
1020 2160 1162 2207 eraut,
1196 2163 1244 2197 ut
1264 2170 1371 2216 poe-

70 2244 211 2279 tarum
243 2230 492 2277 auctoritate
519 2232 696 2278 nonnisi
730 2233 877 2297 priora
911 2232 984 2279 illa
1008 2231 1263 2288 fulciantur,
1298 2248 1368 2277 re-

69 2311 182 2359 licua
215 2309 270 2356 de
305 2327 385 2355 suo
419 2309 642 2359 addidisse
671 2313 868 2360 Eudocia
892 2324 1091 2377 putetur,
1128 2309 1249 2375 quod
1271 2329 1364 2357 mo-

68 2392 145 2439 nui
177 2389 364 2436 Harlesii
398 2391 537 2453 gratia
567 2393 615 2438 in
645 2393 889 2443 Fabi-1013.
917 2394 993 2440 Gr.
1017 2394 1070 2450 II,
1094 2411 1136 2457 p.
1163 2394 1268 2441 125.
1300 2421 1366 2429 —-

70 2478 124 2523 Οἱ
155 2477 203 2520 δέ
235 2489 376 2532 φασιν
421 2490 555 2537 quum
590 2472 719 2530 dicit,
779 2473 1019 2520 Pindarum
1058 2472 1258 2535 intelligit
1292 2471 1364 2521 Ol.

65 2553 120 2612 H,
143 2554 243 2610 79.‚
283 2570 472 2617 quocum
503 2552 548 2598 in
579 2551 733 2598 insulis
768 2552 992 2607 beatorum
1017 2563 1235 2619 reponunt
1254 2551 1362 2601 Plat.
