1677 3059
693 192 1124 239 -136-

264 328 369 376 drae
411 320 572 376 nomen
615 333 805 379 Homero
840 330 988 378 fuisse.
1072 331 1165 377 Hoc
1200 329 1421 390 volebam,
1462 332 1568 378 vati-

264 409 439 456 cinandi
463 409 663 458 facultate
695 412 912 475 insignem
940 412 1192 475 ignorasse,
1228 429 1264 457 v,
1290 410 1434 458 Schol.
1457 413 1565 459 Ven.

262 490 313 537 B.
350 489 406 535 ad
438 489 483 536 Il.
507 490 668 547 XXIV,
694 493 800 540 699.
835 496 924 541 οὐκ
956 488 1075 541 οἶδεν
1109 492 1264 549 αὐτὴν
1295 486 1509 547 μάντιν
1541 495 1568 539 ὁ

263 571 487 627 Ποιητής·
523 575 703 635 ἀγωνίᾳ
737 578 786 620 δὲ
817 578 920 637 περι·
949 573 1159 633 ἀδελφοῦ
1187 575 1269 620 καί
1299 573 1483 634 πατρὸς.
1507 602 1568 610 —

264 654 308 697 2.
343 651 431 698 Pro
466 654 605 713 φᾶμις
640 653 734 700 cod.
761 655 901 713 Paris,
936 656 1076 702 2929.
1136 654 1286 717 φάτις,
1319 671 1356 699 v.
1379 652 1568 700 Nitzsch.

264 731 311 778 in
337 732 502 800 Odyss.
529 735 604 792 VI,
627 737 702 782 29.
772 736 822 781 In
855 734 1184 782 similitudinem
1214 743 1483 790 structurae,
1520 750 1571 778 ex

267 813 392 878 cujus
427 815 700 877 ignoratione
733 816 989 881 inquinasse
1024 815 1158 863 verba
1182 826 1336 881 poetae
1368 813 1573 860 videntur

266 892 460 951 librarii,
509 894 643 941 multa
679 907 780 942 sunt
815 897 860 941 in
894 908 1124 961 promptu,
1175 895 1290 944 velut
1324 896 1450 941 Hom.
1482 893 1569 940 Od.

266 972 300 1028 I,
325 974 398 1020 95.
432 978 506 1020 ἵνα
525 993 602 1032 μιν
628 981 752 1026 κλέος
781 979 952 1022 ἐσθλὸν
979 981 1026 1022 ἑν
1049 977 1368 1039 ἀνθρώποισιν
1400 980 1571 1034 ἔχῃσιν.

267 1053 395 1100 Pind.
419 1055 467 1101 P.
493 1056 524 1101 I.
550 1057 623 1102 96.
662 1057 865 1117 Φάλαριν
897 1058 1052 1117 ἐχθρά
1082 1061 1261 1110 κατέχει
1294 1057 1456 1119 φάτις,
1493 1054 1573 1102 ubi

267 1152 303 1180 v,
340 1136 535 1201 exempla
567 1136 695 1203 plura
730 1156 797 1202 ap.
821 1137 1019 1194 Dissen.‚
1055 1136 1168 1184 adde
1194 1137 1298 1183 Eur.
1322 1135 1441 1182 Med.
1463 1136 1571 1182 420.

268 1216 403 1274 φάμα
429 1225 650 1277 γυναῖκας
677 1220 772 1268 ἕξει.
806 1217 965 1265 Aesch.
998 1217 1151 1285 Suppl.
1179 1219 1316 1266 1003.
1352 1213 1474 1269 αἶνος
1493 1219 1577 1264 πό-

267 1301 339 1342 λιν
367 1295 495 1352 τήνδ’
518 1301 671 1351 ἐχέτω.

725 1445 951 1509 Fragm.
1001 1446 1117 1493 XIV.

400 1539 625 1605 Aristoph.
662 1540 848 1606 Lysistr.
887 1541 994 1588 155.

338 1619 375 1673 Ὀ
399 1622 495 1680 γῶν
514 1627 733 1673 Μενέλαος
755 1625 839 1673 τοῖς
859 1626 1036 1672 Ἑλένας
1057 1622 1119 1668 τά
1143 1623 1274 1678 μᾶλά
1292 1640 1361 1686 πα

336 1704 512 1762 γυμνάς
535 1705 785 1765 παρεςιόὠν
802 1705 992 1766 ἐξέβαλ’,
1027 1704 1136 1767 οἵω,
1172 1705 1225 1751 τὸ
1249 1708 1386 1763 ξίφος.

274 1781 418 1829 Schol.
457 1787 510 1830 ‘H
534 1787 712 1846 ἱστορία
744 1789 853 1845 παρ’
895 1784 1115 1846 Ἰβύκςο.
1159 1786 1222 1831 τά
1255 1789 1304 1831 δὲ
1341 1783 1467 1829 αὐτά
1499 1786 1581 1830 καί

272 1868 449 1919 Λέσχης
479 1866 504 1911 ὁ
530 1869 714 1927 Λέσβιος
737 1869 783 1912 ἐν
811 1867 871 1924 τῇ
898 1865 1043 1929 μικρᾷ
1067 1866 1246 1912 Ἰλιάδι·
1280 1866 1361 1911 και·
1389 1868 1580 1925 Εὐριπί-

274 1948 355 2000 δης
393 1943 626 2007 (Androm.
656 1945 799 2008 628).
851 1944 995 1992 Schol.
1036 1945 1141 1991 Rav.
1174 1947 1205 2003 ἡ
1238 1948 1415 2006 ἱστορία
1448 1948 1580 2007 παρά

275 2025 471 2087 Ἰβύκῳ
494 2028 576 2071 καί
597 2030 851 2088 Εὐριπίδῃ·
883 2028 987 2072 om:
1011 2026 1070 2075 ὥς
1097 2029 1244 2076 ἐςεῖδες
1273 2027 1472 2088 μαστὸν,
1507 2029 1580 2072 ἐκ-

275 2106 429 2167 βαλών
474 2109 601 2166 ξίφος
635 2112 791 2166 <pimus
825 2109 972 2156 ἐδέξω.
1049 2104 1194 2153 Schol.
1242 2106 1374 2154 Arist.
1410 2108 1576 2172 Vespp.

278 2186 383 2232 714.
421 2190 502 2232 καί
532 2189 585 2234 τὸ
617 2189 743 2246 ξίφος
774 2189 828 2233 οὐ
856 2186 1058 2243 δύναμαι
1092 2190 1309 2241 κατέχειν.
1367 2188 1531 2249 Ὥσπερ
1552 2190 1580 2235 0‘

278 2273 516 2318 Μενέλαος.
572 2270 738 2314 τοῦτον
770 2269 859 2329 γάρ
895 2285 1036 2327 φασιν
1080 2271 1351 2331 ὁρμήσαντα
1382 2272 1457 2315 ἐπί
1495 2270 1582 2325 τὴν

279 2351 455 2404 Ἑλένην
497 2350 748 2412 ἀποβαλεῖν
789 2349 842 2395 τὸ
878 2351 1025 2408 ξίφος.
1080 2352 1110 2405 ἡ
1156 2353 1205 2395 δὲ
1238 2353 1414 2411 ἱστορία
1453 2350 1583 2411 παρὰ

281 2428 384 2489 Ἰβύ
402 2446 478 2490 κῳ
509 2432 590 2475 καί
620 2433 862 2490 Εὐριπίδῃ.

411 2509 575 2557 Multae
622 2521 724 2557 sunt
755 2508 986 2574 variaeque
1022 2509 1078 2556 de
1120 2509 1220 2556 fatis
1255 2508 1445 2556 Helenae
1482 2517 1582 2572 post

284 2586 472 2636 dirutam
528 2591 707 2656 Trojam
763 2589 958 2637 fabellae.
1052 2592 1164 2639 Nam
1214 2590 1494 2638 Demodocus
1538 2588 1585 2633 in
