1677 3059
684 209 749 216 —-
866 180 957 226 166
1072 207 1133 216 —-

253 325 418 377 scriptus
440 323 505 363 ille
524 316 624 360 ἆθλα
644 325 699 360 ἐπὶ
717 322 919 373 Πατρόκλῳ.
976 321 1152 359 Fuerunt
1171 318 1252 359 ludi
1282 320 1337 361 illi
1358 335 1429 376 per
1451 330 1571 362 totam

254 392 518 444 antiquitatem
545 390 809 439 celeberrimi,
849 397 895 429 ut
923 389 963 427 in
992 387 1131 440 quibus
1165 387 1394 430 nobilissimi
1423 394 1567 446 quique

257 460 394 499 heroes
423 461 736 515 Argonautarum
764 459 861 498 socii
886 459 1101 499 decertasse
1131 456 1371 499 dicerentur:
1405 476 1572 513 quorum

258 543 442 567 numerus
462 536 596 567 auctus
618 543 703 567 cum
724 528 770 566 iis
794 535 867 576 est,
898 527 965 579 qui
986 526 1221 579 expeditioni
1245 528 1434 568 Jasoneae
1460 530 1573 582 paul-

259 597 363 635 latim
392 596 683 644 inserebantur,
722 604 767 635 ut
794 604 993 649 postremo
1025 609 1074 634 ne
1102 595 1250 651 Sibylla
1280 596 1433 648 quidem
1462 598 1572 637 defu-

262 666 360 715 erit,
400 681 436 706 v.
462 665 608 722 Hygia.
640 665 712 704 fab.
740 669 830 704 273.
902 664 1189 704 Referebantur
1226 665 1266 704 hi
1294 665 1375 704 ludi
1412 666 1453 705 in
1485 681 1571 718 eos,

264 734 331 786 qui
360 737 518 779 ἐλάττους
539 743 729 775 vocantur
745 733 891 787 magnis
916 733 991 772 illis
1020 741 1203 784 quattuor
1226 732 1326 773 ludis
1349 743 1456 774 certo
1477 744 1578 775 tem-

263 818 360 857 pore
388 805 588 857 repetitis,
628 804 793 843 Aristot.
832 802 931 856 pepl.
964 817 1021 854 ap.
1058 802 1188 841 Schol.
1219 803 1379 842 Aristid.
1419 806 1575 844 Panath.

265 889 302 926 p.
335 877 422 912 106.
448 859 654 913 Fro'mmel.
693 875 840 923 πεμπτὸς
860 873 879 910 ὁ
908 875 942 909 ἐν
969 873 1098 921 Ἰωλκῷ
1120 872 1296 911 Ἀκάστου
1324 879 1578 925 καθηγησαμέ-

267 959 326 981 νου
354 948 407 981 ἐπὶ
436 948 546 992 Πελίᾳ
573 946 620 992 τῷ
647 948 772 992 πατρὶ,
822 940 924 979 unde
962 940 1220 978 emendandus
1249 942 1395 982 Hellad.
1427 944 1580 984 Chrest.

268 1026 304 1064 p.
337 1015 396 1049 18.
426 1012 572 1049 Meurs.
634 1010 860 1049 celebratos
889 1021 957 1046 eos
985 1008 1111 1060 poetis
1141 1009 1257 1060 epicis
1289 1011 1353 1061 qui
1381 995 1472 1064 post
1498 1014 1582 1052 Ho-

270 1094 419 1118 merum
451 1079 612 1118 fuerunt
650 1079 817 1128 evincit,
857 1077 963 1130 quod
1000 1077 1040 1115 in
1071 1092 1155 1116 arca
1184 1076 1345 1133 Cypseli
1387 1081 1582 1123 Thessalis

272 1148 416 1203 mythis
454 1156 638 1187 exornata
675 1156 757 1187 erat
791 1148 883 1195 ἁγών
909 1147 929 1185 ὁ
959 1150 1015 1185 ἐπὶ
1052 1152 1180 1196 Πελίᾳ,
1222 1148 1333 1186 Paus.
1362 1151 1413 1198 V,
1443 1153 1508 1198 17,
1535 1152 1583 1197 4;

274 1218 451 1269 idemque
480 1218 520 1256 in
551 1218 698 1256 throno
731 1216 953 1272 Amyclaei,
992 1217 1103 1254 Paus.
1136 1218 1200 1266 lll,
1234 1220 1295 1265 18,
1326 1221 1360 1255 9.
1415 1217 1584 1256 Difficile

276 1295 402 1325 autem
430 1287 534 1326 dictu
564 1294 646 1335 est,
680 1301 793 1338 quem
815 1286 1031 1339 respexerit
1049 1286 1185 1325 artifex
1217 1299 1347 1324 arcae:
1379 1271 1465 1322 nam
1492 1286 1586 1325 illud

277 1356 431 1408 quidem
463 1369 544 1394 non
578 1363 683 1394 recte
713 1356 808 1394 dixit
835 1355 984 1394 Neuius
1021 1355 1061 1393 in
1091 1355 1242 1393 Annnll.
1274 1353 1444 1393 Berolin.
1472 1358 1586 1394 1829.

276 1438 313 1477 p.
345 1429 433 1463 730.
500 1423 767 1463 Stesichorum
797 1424 832 1463 ei
861 1424 911 1463 ob
940 1423 1076 1463 oculos
1106 1424 1238 1462 fuisse.
1316 1424 1358 1461 ld
1392 1423 1496 1474 quod
1527 1437 1587 1462 ra-

278 1494 404 1532 tiones
435 1502 655 1546 temporum
684 1494 881 1533 refellunt.
954 1493 1010 1532 At
1039 1493 1073 1532 si
1104 1493 1351 1546 conjecturae
1380 1492 1489 1531 locus
1518 1502 1590 1542 est,

279 1561 444 1600 fortasse
471 1562 653 1601 Eumelus
684 1577 726 1601 ea
752 1571 982 1603 tractaverat
1011 1563 1053 1601 in
1083 1560 1367 1611 Corinthiacis,
1407 1578 1524 1615 quum
1554 1573 1593 1603 et

280 1631 363 1683 ipse
401 1639 504 1669 esset
531 1645 577 1669 ex
613 1639 729 1684 gente
766 1632 1064 1671 Bacchiadarum
1096 1638 1180 1668 orta
1212 1644 1258 1668 ex
1295 1631 1513 1681 Thessalia,
1557 1649 1591 1672 v.

281 1701 391 1738 Paus.
421 1700 468 1748 ll,
501 1702 537 1748 1,
571 1702 603 1738 1.
672 1700 792 1748 Quod
819 1709 946 1739 autem
976 1700 1188 1739 similitudo
1224 1700 1404 1750 quaedam
1439 1701 1595 1741 videtur

284 1767 549 1806 intercessisse
575 1767 678 1806 inter
706 1781 771 1818 ea,
818 1784 914 1822 quae
943 1784 990 1809 ex
1018 1769 1262 1808 Stesichorio
1293 1768 1459 1808 carmine
1488 1785 1594 1810 acce-

284 1837 408 1888 pimus
443 1844 481 1874 et
512 1851 628 1890 opera
657 1838 748 1878 artis
778 1838 865 1889 illa,
906 1841 990 1893 ejus
1021 1838 1078 1877 rei
1109 1852 1240 1876 caussa
1267 1837 1356 1876 inde
1387 1840 1594 1890 repetenda

287 1914 359 1953 est,
391 1906 496 1957 quod
517 1907 765 1946 Stesichorus
795 1922 842 1947 ex
872 1908 1007 1946 eodem
1029 1915 1143 1960 poeta
1168 1906 1276 1959 epico
1304 1906 1479 1958 profecit.
1536 1909 1595 1946 De

286 1974 419 2012 throni
448 1982 568 2014 aetate
599 1976 688 2016 licet
716 1991 795 2015 non
825 1984 932 2016 certo
960 1984 1127 2025 constet,
1154 1983 1280 2014 tamen
1308 1976 1372 2013 vix
1396 1976 1595 2015 Stesicho-

287 2059 372 2081 rum
398 2044 536 2082 artifici
558 2046 752 2098 exemplar
770 2045 890 2083 fuisse
911 2045 1150 2083 crediderim.
1203 2045 1344 2083 Postea
1362 2045 1597 2098 tragicorum

289 2114 442 2166 ingenia
473 2122 755 2163 exercuerunt,
785 2113 977 2164 Thespis,
1006 2113 1205 2168 Aeschyli.

389 2183 557 2220 Eosdem
593 2183 706 2221 ludos
748 2183 897 2220 Musam
935 2181 1210 2220 Stesichoriam
1251 2182 1335 2236 lyra
1367 2181 1598 2220 sustinuisse

290 2267 415 2304 nuper
448 2253 598 2289 demum
625 2251 853 2303 patefactum
882 2258 952 2289 est.
1009 2250 1111 2290 Ante
1135 2251 1329 2290 Sturzium
1352 2249 1451 2288 enim
1469 2250 1597 2304 Etym.

291 2322 394 2360 Gud.
426 2321 614 2359 editorem
640 2334 757 2371 quum
777 2318 1001 2371 simpliciter
1026 2321 1240 2358 Stesichori
1260 2312 1359 2357 ἆθλα
1381 2318 1441 2356 vel
1462 2318 1600 2363 ἄθλους

291 2389 399 2428 citari
438 2389 626 2427 vidissent
660 2388 734 2426 viri
774 2388 902 2436 docti,
952 2389 999 2427 de
1030 2390 1112 2428 aliis
1153 2387 1331 2426 omnibus
1369 2387 1597 2440 cogitarunt.

291 2459 499 2496 unctiores
539 2458 748 2510 scriptores
785 2463 838 2495 ἐπὶ
875 2463 984 2507 Πελίᾳ
1011 2458 1217 2511 adjiciunt,
1255 2465 1300 2496 ut
1334 2458 1445 2496 Paus.
1484 2456 1521 2494 ll.
1560 2455 1597 2493 ll.

287 2529 383 2575 (ἐγών
409 2529 427 2564 ὁ
455 2532 509 2564 ἐπὶ
539 2533 647 2576 Πελίᾳ
687 2526 792 2565 dixit.
855 2528 965 2574 Quae
1004 2527 1175 2566 habenda
1214 2534 1274 2565 est
1304 2540 1376 2578 pro
1413 2538 1502 2564 vera
1539 2524 1598 2561 in-

289 2596 503 2648 scriptione
524 2596 715 2644 carminis,
746 2610 863 2647 quum
885 2595 1043 2635 omnino
1063 2597 1158 2636 tales
1178 2595 1281 2635 tituli
1302 2607 1440 2647 operae
1463 2593 1601 2632 Gram-
