1677 3059
699 251 762 257 —
875 223 968 268 100
1079 251 1142 257 -—

267 369 475 431 cognita,
537 363 606 409 cui
643 361 880 408 sententiae
914 361 1118 407 universa
1161 360 1362 407 carminis
1400 360 1573 408 affectio

268 446 494 493 reclamat:
551 441 773 499 infinitus,
831 443 1071 489 immensus
1107 452 1174 488 est
1209 445 1477 507 ἀπείρᾶτος,
1535 461 1571 488 v.

268 521 458 570 Boeckh.
486 534 591 568 nott.
620 522 727 569 critt.
753 521 881 569 Pind.
906 521 974 568 Ol.
999 523 1073 580 VI,
1089 522 1164 570 54.
1199 520 1367 568 Eodem
1389 523 1491 569 vitio
1511 521 1573 568 la-

270 603 398 649 horat
420 604 611 666 οέτήριοι,
648 602 769 667 quod
792 604 977 668 primam
1002 601 1178 666 longam
1207 612 1375 648 constat
1396 601 1569 649 habere.

268 687 455 744 Ἀτείρεοι
486 682 676 748 denique
709 683 763 729 ab
799 685 991 730 Homero
1026 682 1188 730 dicitur
1228 681 1283 728 de
1317 681 1451 729 rebus
1483 682 1572 729 fer-

267 764 368 820 reis,
390 762 445 809 de
468 764 611 810 animo
634 764 776 811 ferreo
798 782 886 809 non
910 762 1150 820 flecte11d03
1177 762 1230 809 de
1254 764 1335 809 reti
1354 781 1506 810 vereor
1523 774 1573 810 ut

265 855 381 891 recte
416 843 503 889 dici
538 845 740 909 potuerit.
808 845 931 890 Duas
952 844 1044 890 vias
1069 844 1239 909 aperuit
1261 842 1425 890 Fiorill.
1449 842 1567 890 obss.

265 925 366 972 Ath.
389 943 430 989 p.
456 926 533 980 67,
569 936 618 970 ut
639 936 713 971 aut
738 924 907 988 legatur
928 929 969 975 ἐς
990 929 1202 986 ἀπείριτοι
1225 936 1297 971 aut
1318 927 1376 974 εἰς
1395 926 1571 985 ἀπερεί-

265 1025 372 1069 σια,
412 1022 600 1069 quorum
632 1004 717 1051 hoc
752 1005 927 1068 longius
960 1004 1145 1052 dissidet
1177 1022 1202 1050 a
1229 1003 1427 1066 vulgato:
1462 1004 1573 1052 illud

266 1086 320 1132 de
355 1085 464 1131 mari
498 1085 589 1131 fere
625 1086 786 1132 dicitur
817 1097 965 1134 vasto:
1000 1083 1082 1132 reti
1103 1102 1194 1130 non
1218 1095 1368 1149 aptum
1386 1085 1568 1132 videtur.

266 1166 393 1228 Quae
428 1166 564 1228 igitur
597 1167 745 1213 onmia
780 1184 917 1230 quum
950 1184 1041 1211 non
1076 1163 1368 1223 satisfaciant,
1413 1168 1571 1213 rescri-

263 1247 433 1310 psimus
466 1244 552 1291 leni
584 1245 754 1293 medela
788 1246 858 1293 usi
892 1249 1139 1310 ἀπείρονα,
1176 1257 1223 1292 ut
1247 1247 1373 1293 Hom.
1404 1245 1567 1313 Odyss.

262 1329 378 1386 VIII,
415 1327 522 1374 340.
558 1331 718 1384 δεσμοί
748 1334 829 1384 μέν
857 1331 950 1389 τρίς
981 1329 1140 1375 τόσσοι
1172 1332 1399 1389 ἀπείρονες
1427 1331 1570 1387 ἀμφίς

261 1414 416 1463 ἔχοιεν.
456 1408 658 1455 Ceterum
683 1407 899 1454 simillima
923 1407 1055 1454 verba
1076 1408 1235 1454 Aesch.
1258 1409 1402 1455 Proni.
1429 1409 1565 1456 1078.

261 1495 520 1552 ἀπέραντον
552 1494 740 1536 δίκτυον
771 1489 898 1546 ἄτης.
932 1518 993 1525 --
1054 1488 1300 1534 Translatio
1332 1500 1474 1535 autem
1497 1507 1567 1536 re-

262 1589 360 1617 rum
388 1569 711 1616 venatoriarum
747 1580 786 1615 et
808 1570 1143 1634 piscatoriarum
1164 1569 1211 1615 in
1233 1569 1442 1615 amatoria
1466 1587 1568 1634 per-

260 1652 468 1715 frequens
502 1661 587 1707 est‚
627 1649 757 1696 veluti
794 1650 1018 1715 Sapphon.
1058 1651 1185 1713 frgm.
1217 1651 1252 1706 Ι,
1281 1651 1379 1706 19.‚
1411 1669 1447 1695 v.
1471 1649 1566 1696 Ab-

259 1729 399 1777 resch.
428 1729 538 1776 lectt.
563 1731 780 1776 Aristaen.
816 1750 856 1795 p.
881 1732 989 1778 286.
1029 1761 1088 1767 ——
1156 1732 1386 1792 Κύπριδος
1409 1734 1567 1794 εἰςέβοε-

257 1820 345 1858 λεν.
401 1810 526 1857 Libri
555 1828 706 1856 omnes
733 1814 965 1873 Κύπριδος
985 1812 1158 1875 βάλλει,
1193 1811 1341 1875 inepto
1368 1830 1563 1858 numero.

258 1891 622 1956 Transpositionc
645 1909 799 1938 sanare
826 1910 1062 1955 aggressus
1094 1903 1158 1938 cst
1186 1891 1451 1949 Mehlhorn.,
1489 1893 1565 1956 qui

258 1973 433 2037 scripsit
465 1977 522 2021 εἰς
555 1970 720 2033 ἄπειροι
752 1998 768 2008 υ
799 1979 966 2019 δίκτυα
997 1975 1149 2035 βάλλει
1186 1980 1194 2031 1
1232 1973 1485 2031 Κύπριδος·
1530 1966 1562 2029 ἦ

257 2070 352 2116 sqq.
391 2051 512 2117 quod
547 2062 587 2097 et
620 2051 850 2099 violentius
887 2065 952 2101 cst
987 2053 1229 2100 remedium
1262 2068 1341 2097 nec
1375 2049 1564 2109 firmum,

257 2151 392 2196 quum
435 2131 715 2179 choriambus
749 2133 1006 2180 inferciatur
1037 2133 1091 2179 ab
1129 2132 1196 2179 his
1230 2130 1449 2189 numeris,
1490 2132 1565 2196 qui

256 2211 356 2276 puri
393 2212 659 2276 anapaestici
691 2223 732 2259 et
766 2212 969 2281 dactylici
1005 2224 1128 2270 sunt,
1166 2212 1344 2259 alienus.
1412 2212 1566 2258 Prius-

255 2310 387 2355 quam
420 2292 567 2339 Procli
595 2293 876 2358 interpretem
903 2311 1176 2358 cognossem,
1212 2293 1319 2340 haec
1346 2311 1564 2339 commen-

252 2382 365 2417 tatus
403 2389 531 2418 eram.
602 2373 728 2420 Duae
762 2373 1023 2420 emendandi
1050 2385 1198 2438 patere
1223 2375 1314 2420 viae
1346 2374 1559 2421 videntur.

249 2453 359 2498 Nam
396 2471 531 2517 quum
567 2451 686 2499 {iniri
721 2472 893 2501 versum
930 2466 970 2501 et
1000 2473 1098 2501 cum
1133 2474 1195 2501 vv.
1222 2448 1253 2512 ἧ
1280 2456 1376 2512 Mdv
1403 2472 1558 2500 novam

244 2531 327 2578 vim
349 2531 552 2595 colligere
575 2533 814 2580 orationem
835 2536 1147 2582 sententiarum
1169 2535 1454 2583 conformatio
1477 2533 1557 2580 do-

238 2622 350 2667 ceat,
390 2612 746 2660 verisimillimum
782 2626 847 2661 est
880 2615 1186 2680 Iogaoedicum
1214 2617 1373 2664 exitum
1404 2615 1551 2662 fuisse.
