1677 3059
585 226 649 233 ....
771 196 828 242 61
954 223 1017 232 .—

149 336 369 402 simplices
404 355 536 401 quam
571 334 815 391 mirabiles3
852 352 941 381 non
976 335 1215 399 antiquitus
1249 336 1450 396 ereditas,

147 418 227 466 sed
260 436 395 465 novas
431 418 616 483 ipsaque
655 416 843 464 novitate
881 415 1117 481 placituras
1148 429 1451 465 consectaren-

146 509 244 556 tur,
292 516 383 545 non
416 499 575 545 mirum
608 497 790 553 accidit,
844 497 966 561 quod
1001 509 1042 545 et
1075 498 1374 548 Stesichorum
1410 514 1451 550 et

146 578 332 646 Ibycum
377 578 434 625 ad
487 577 688 625 fabulosa
731 577 962 642 proniores
1013 577 1150 624 fuisse
1192 583 1447 646 reperimus.

146 659 355 725 Exempla
378 669 520 707 autem
552 657 775 723 complura
800 675 932 721 supra
957 657 1082 704 allata
1108 659 1280 719 docent,
1315 663 1450 712 multa

148 740 326 788 eosdem
369 759 420 788 ex
463 740 578 785 fama
623 738 825 804 populari
883 738 1101 786 derivasse
1143 741 1189 786 in
1243 744 1447 791 carmina.

145 822 299 886 Neque
323 819 499 867 difficile
522 830 587 866 est
609 830 838 883 exputare,
875 838 953 866 cur
975 818 1057 866 hoc
1079 820 1273 868 fecerint.
1335 825 1448 872 Poe-

143 912 213 948 tae
247 900 361 948 enim
394 901 543 967 Lyrici
576 918 728 947 eorum
755 899 894 946 indoli
931 911 1223 963 congruenter
1256 903 1449 953 scribere

142 980 307 1039 solent,
344 982 459 1029 inter
489 999 602 1046 quos
635 992 814 1028 aetatem
846 981 1023 1043 degunt.
1090 982 1337 1045 Progressu
1371 1003 1450 1032 au-

141 1073 229 1110 tem
262 1063 413 1111 aetatis
450 1080 585 1128 quum
618 1059 868 1107 fabularum
902 1061 1070 1126 species
1110 1062 1333 1128 paullatim
1366 1065 1449 1113 im-

140 1145 301 1191 mutari
336 1143 577 1201 demendo,
626 1140 858 1197 addendo,
897 1143 1149 1189 exornando
1186 1144 1348 1205 soleat,
1399 1148 1449 1195 id

142 1224 266 1289 quod
296 1226 480 1272 maxime
514 1225 560 1272 in
596 1221 778 1271 coloniis
815 1222 997 1270 Graecis
1022 1223 1181 1270 Siculis
1210 1237 1339 1291 atque
1361 1229 1446 1277 Ita-

138 1305 193 1353 lis
229 1306 424 1353 evenisse
458 1303 765 1369 intelligimus,
809 1322 900 1350 non
935 1303 1066 1350 debet
1100 1305 1258 1352 mirum
1294 1307 1446 1366 videri,

137 1386 221 1434 hos
254 1397 406 1452 poetas
440 1382 575 1429 multa
607 1383 890 1448 popularium
924 1384 1173 1431 fabularum
1205 1399 1447 1436 commenta

139 1485 277 1532 eaque
324 1463 528 1532 populari
574 1463 662 1510 fide
707 1476 882 1530 recepta
932 1466 1199 1513 carminibus
1253 1466 1446 1516 inserere

136 1565 229 1594 non
262 1546 538 1594 detrectasse.
635 1545 789 1609 Neque
824 1563 925 1592 vero
960 1558 1153 1594 veterum
1196 1547 1445 1596 fabularum

135 1626 392 1690 religionem
432 1626 478 1672 in
521 1626 676 1672 animis
723 1625 950 1673 hominum
994 1637 1097 1674 tunc
1142 1627 1229 1691 jam
1275 1627 1334 1674 ita
1373 1647 1445 1676 ex-

135 1708 338 1755 stinctam
382 1706 645 1754 crediderim
685 1706 850 1765 fuisse,
897 1718 945 1753 ut
984 1707 1052 1754 his
1100 1707 1240 1774 poetis
1284 1719 1445 1757 temere

135 1787 307 1836 licuerit
337 1788 384 1834 in
415 1784 578 1833 fabulis
607 1787 840 1835 narrandis
873 1788 1076 1852 grassari.
1111 1818 1172 1826 —-

263 1868 440 1931 Integra
472 1867 599 1935 Ibyci
633 1870 825 1916 carmina
860 1888 995 1935 quum
1029 1869 1257 1918 barbaries
1291 1888 1444 1919 saecu-

134 1949 279 1998 lorum
320 1944 637 2013 absumpserit,
682 1960 774 1996 tum
819 1951 865 1997 in
907 1949 1001 1996 aliis
1048 1950 1207 2009 rebus,
1256 1962 1350 1999 tum
1396 1952 1443 1999 in

137 2028 323 2077 dialecto
348 2040 503 2094 poetae
521 2029 785 2094 relicuisque
810 2029 1068 2078 elocutionis
1094 2032 1326 2080 virtutibus
1349 2050 1443 2080 cer-

135 2109 224 2155 tius
268 2107 528 2156 definiendis
571 2120 724 2156 nostra
772 2129 798 2158 a
829 2112 1049 2158 veteribus
1089 2111 1309 2175 magistris
1341 2122 1443 2178 apta

136 2187 270 2235 debet
300 2205 396 2235 esse
430 2190 655 2237 sententia.
724 2191 793 2238 De
816 2190 1000 2238 dialecto
1024 2203 1179 2256 poetae
1198 2191 1306 2239 haec
1332 2191 1441 2239 scri-

133 2268 225 2334 psit
256 2268 449 2316 Joannes
484 2271 678 2318 Gramm.
711 2289 779 2336 ap.
806 2270 972 2318 Aldum
1006 2272 1129 2318 Hort.
1164 2271 1359 2319 Adonid.
1396 2291 1437 2338 p.

134 2349 244 2396 243.
280 2347 323 2394 b.
359 2353 558 2412 διαφέρει
589 2356 638 2399 δὲ
668 2354 700 2410 ἠ
736 2354 829 2397 τῶν
864 2354 1062 2413 Κρητῶν
1095 2354 1328 2403 διάλεκτος
1338 2386 1358 2415 ,
1405 2340 1440 2412 ᾖ

133 2432 217 2477 νῦν
247 2433 461 2490 κέχρηται
496 2436 736 2495 Κυψέλοις,
791 2436 872 2479 καί
907 2435 933 2490 ἡ
968 2434 1061 2479 τῶν
1093 2433 1330 2479 Λακώνων
1341 2455 1359 2494 ,
1405 2423 1440 2492 ᾖ

134 2515 352 2572 κέχρηται
395 2512 626 2566 Ἀλκμάων
671 2514 728 2575 (v.
776 2511 1007 2560 VV'elcker.
1045 2511 1183 2559 Alcm.
1226 2509 1348 2575 reliq.
1393 2531 1436 2577 p.

134 2590 258 2653 14),
313 2593 394 2637 καί
423 2593 455 2648 ἢ
487 2593 580 2639 τῶν
611 2599 968 2656 Συρακουσίων,
1019 2582 1054 2652 ᾗ
1089 2596 1309 2653 κέχρηται
1343 2596 1438 2639 Σώ-
