1677 3059
676 210 740 218 -.
854 182 949 229 104
1057 213 1118 220 -.

248 324 384 371 fuisse
409 320 659 380 arbitratur,
695 338 807 388 quae
837 320 1026 388 Hesych.
1059 339 1090 368 s.
1118 320 1178 367 lit.
1199 316 1242 384 ἶ
1266 324 1427 389 posuit,
1467 343 1554 390 quo

249 405 510 468 digammate
530 414 676 450 notata
696 403 921 451 indicaret.
967 402 1110 469 Ibycii
1135 414 1278 450 autem
1300 404 1383 452 loci
1410 424 1556 452 emen-

251 484 471 531 dationem
493 483 606 530 male
624 484 812 531 cessisse
834 482 1066 546 Hartungo
1092 494 1308 548 putamus.
1353 485 1395 531 Is
1419 504 1555 549 quum

250 565 296 611 in
336 561 512 609 relicuis
548 564 788 629 scripturas
824 564 1093 612 Mehlhornii
1127 577 1301 612 secutus
1338 565 1414 622 sit,
1459 565 1558 613 licet

250 661 388 691 unum
421 643 635 690 Ursinum
676 645 892 704 citaverit,
941 645 1050 692 haec
1083 645 1242 703 verba,
1293 645 1349 692 de
1395 646 1557 711 quibus

253 724 394 771 omnis
433 722 502 771 hic
543 723 674 773 nobis
703 725 926 774 institutus
963 744 1106 774 sermo
1142 736 1228 783 est,
1280 726 1340 773 ita
1372 726 1558 786 refinxit,

253 817 302 853 ut
334 805 567 853 scriberet:

382 879 414 944 ἧ
448 889 544 944 μὰν
575 891 751 948 τρομέω
780 893 824 949 γ’
858 889 901 935 ἲν
933 887 1243 949 ἐπερχόμενον.

254 970 373 1016 Raro
408 968 522 1014 enim
557 967 665 1032 poni
695 959 726 1025 ἦ
758 971 852 1025 μὴν
885 986 975 1014 non
1010 980 1218 1032 sequente
1251 968 1465 1033 particula
1497 986 1562 1029 γε.

255 1049 376 1096 Idem
417 1059 646 1095 monuerat
679 1049 864 1095 Porson.
899 1048 947 1094 in
988 1048 1092 1093 Eur.
1138 1048 1302 1095 Phoen.
1338 1048 1474 1095 1638.
1489 1050 1562 1112 20)

256 1130 420 1177 Vellem
452 1147 541 1175 non
577 1127 881 1176 confudissent
906 1146 1018 1193 quae
1049 1127 1221 1175 diversa
1242 1139 1355 1174 sunt.
1393 1122 1565 1186 Ἦμὴν

257 1211 293 1256 si
334 1221 396 1256 est
432 1209 621 1273 graviter
655 1207 977 1267 confirmantis,
1008 1207 1127 1255 nude
1153 1209 1333 1274 ponitur
1364 1227 1456 1256 non
1486 1227 1565 1275 ap-

257 1290 399 1355 posita
420 1289 634 1355 particula
657 1289 953 1353 restringendi
973 1308 1043 1354 γε,
1079 1300 1130 1335 ut
1152 1288 1288 1354 Soph.
1313 1288 1427 1335 Phil.
1453 1290 1561 1337 593.

258 1372 475 1427 διώμοτοι
507 1374 750 1433 πλέουσιν,
785 1363 815 1428 ἦ
849 1372 944 1429 μὴν
975 1371 1122 1433 ἄξειν,
1158 1379 1208 1415 ut
1239 1380 1355 1416 recte
1388 1370 1565 1435 scripsit

259 1450 556 1507 Vffinderus,
598 1450 721 1497 aliter
754 1451 899 1498 Herm.
931 1451 1078 1515 Viger.
1100 1469 1142 1516 p.
1166 1450 1300 1508 825,
1336 1450 1413 1497 cfr.
1436 1452 1563 1498 Hom.

260 1530 305 1577 Il.
343 1531 396 1588 II,
433 1533 543 1588 272,
579 1532 714 1587 291.;
763 1549 898 1595 quare
933 1531 1337 1596 frequentissimum
1366 1531 1414 1579 in
1447 1532 1567 1596 jure-

261 1612 477 1675 jurando,
522 1623 570 1658 ut
602 1611 805 1677 Xenoph.
841 1611 950 1659 Hell.
991 1612 1067 1669 III,
1098 1612 1144 1668 4,
1179 1614 1234 1668 5;
1272 1614 1324 1671 6,
1368 1613 1432 1660 cll.
1469 1615 1564 1662 aliis

262 1692 466 1757 exemplis
502 1711 569 1757 ap.
606 1691 764 1738 Blomf.
795 1692 952 1739 Aesch.
978 1692 1095 1758 Sept.
1122 1694 1227 1740 513.
1286 1695 1438 1758 Longe
1463 1716 1568 1745 con-

260 1783 326 1819 tra
359 1771 479 1818 aliud
510 1783 596 1831 est,
630 1772 709 1820 ubi
738 1765 770 1832 ἦ
803 1776 916 1839 μὴν,
951 1775 1076 1821 ἀλλὰ
1105 1777 1197 1833 μὴν
1228 1774 1318 1822 rell.
1345 1777 1405 1822 ita
1435 1796 1566 1825 usur-

316 1937 385 1982 20)
416 1938 562 1975 Constat
601 1953 707 1988 quam
745 1942 846 1976 abusi
888 1942 957 1977 sint
995 1941 1080 1976 olim
1117 1941 1339 1988 potissimum
1376 1942 1441 1977 viri
1470 1943 1567 1978 docti

389 2005 562 2050 particula
591 2021 630 2053 γε
658 2007 706 2041 ad
733 2020 853 2041 versus
881 2021 963 2042 suos
989 2007 1198 2041 fulciendos.
1253 2007 1326 2050 Ita,
1356 2016 1394 2043 ut
1411 2009 1479 2044 hac
1501 2023 1566 2044 oc-

392 2070 536 2106 casione
566 2072 775 2115 emendem,
806 2072 1011 2106 Archiloch.
1040 2087 1094 2119 ap.
1119 2073 1217 2107 Stob.
1247 2087 1279 2120 p.
1303 2075 1392 2109 580.
1421 2081 1511 2111 τοῖσι
1533 2073 1565 2110 δ’

390 2132 457 2178 ήὸὑ
477 2126 519 2179 ἦν
537 2133 639 2184 ὅρος,
666 2136 837 2172 Valcken.
859 2138 1011 2182 conjecit
1028 2145 1117 2173 τοῖσι
1138 2136 1168 2173 δ’
1185 2135 1281 2181 ἥδιόν
1298 2137 1433 2187 γ’ὅρος.
1466 2140 1564 2174 Alias

393 2202 630 2237 correctiones
658 2203 905 2237 BIehlhornius
928 2202 1034 2237 Anth.
1065 2203 1147 2250 Lyr.
1180 2218 1211 2248 p.
1235 2204 1295 2238 97.
1326 2205 1458 2240 attulit:
1484 2206 1565 2253 qui-

393 2266 458 2299 bus
487 2267 580 2302 addo
608 2268 883 2302 infelicissimam
909 2268 1038 2302 Thom.
1067 2269 1241 2315 Briggsii‚
1271 2270 1330 2315 qui
1357 2271 1401 2304 ad
1424 2270 1563 2305 Mosch.

393 2331 444 2365 Id.
466 2333 510 2375 V,
532 2335 568 2367 2.
597 2334 718 2367 scribit
744 2339 833 2369 τοῖσι
863 2332 894 2367 δ’
913 2332 981 2369 iffi?
1009 2334 1076 2376 τῆν’
1102 2333 1194 2381 ὄρος.
1242 2334 1438 2369 Scribimus
1458 2343 1566 2371 τοῖσιν

393 2395 519 2442 ἆνδάνῃ
548 2398 579 2433 δ’
604 2397 696 2447 ὄρος.
752 2398 844 2432 Nam
870 2398 921 2431 vix
951 2400 1212 2433 exeusationem
1242 2399 1355 2433 hiatus
1373 2399 1479 2434 habet
1497 2399 1565 2444 ἡδύ

396 2453 457 2506 ἦν,
490 2464 585 2509 quod
614 2464 722 2499 voluit
753 2465 873 2499 Herm.
902 2464 956 2499 El.
985 2466 1095 2499 doctr.
1129 2472 1230 2498 metr.
1258 2478 1292 2511 p.
1314 2464 1377 2500 49.
1432 2465 1566 2500 Excivit

396 2527 564 2561 tumultus
597 2530 767 2576 particula
796 2531 833 2565 δὲ
865 2530 966 2564 tertio
1007 2531 1088 2566 loco
1119 2530 1309 2574 collocata,
1359 2529 1403 2564 de
1429 2544 1497 2577 qua
1529 2543 1565 2563 re

399 2605 493 2628 nunc
521 2595 640 2628 omnia
669 2603 752 2630 nota
774 2602 866 2629 sunt.
