1677 3059
685 219 750 226 —-
858 192 956 236 ‘220
1063 218 1122 224 —

689 331 924 394 Fragm.
983 329 1114 376 LVII.

376 412 638 460 Lesbonact.
663 414 766 471 περί
786 411 1037 467 σχημάτων
1062 428 1104 475 p.
1135 411 1240 457 179.
1268 409 1472 458 Valcken.

356 494 638 556 Ἰβυκειον.
687 494 746 541 ὥς
779 493 833 538 τὸ
877 493 1107 554 Λαμπρὸν
1143 498 1440 552 παμφαίνῃσι
1479 495 1559 539 καί

247 582 272 626 0‘
300 578 514 628 λύχνος
547 579 809 634 φαίνῃσι.

378 656 475 703 Erit
509 654 585 719 qui
618 672 700 719 pro
734 652 899 719 Ibyciis
935 652 1095 700 habeat
1120 653 1294 711 ultima,
1341 653 1427 700 nisi
1451 653 1558 699 Les-

246 739 392 786 bonax
438 747 486 782 ut
530 735 690 782 assolet
729 734 782 780 de
827 751 907 780 suo
954 736 1137 801 exempli
1182 736 1277 783 loco
1327 733 1555 782 effinxerit.

245 822 346 867 Non
382 817 594 864 dubitavit
639 815 821 863 Salmas.
867 814 921 861 de
956 814 1060 877 ling.
1103 815 1329 864 Hellenist.
1372 834 1415 881 p.
1449 815 1555 866 148.

245 899 463 967 Superius
498 908 562 946 est
595 898 722 943 Hom.
757 895 804 941 Il.
841 898 895 955 V,
927 897 968 944 6.

422 1172 517 1219 VII.
586 1173 672 1236 Ep
692 1144 1057 1232 igr-ammas
1105 1169 1380 1216 Dubium.

679 1291 715 1336 F
734 1309 757 1336 r
775 1308 796 1336 a
816 1309 845 1354 g
860 1309 914 1337 m.
969 1291 1120 1337 LVIII.

362 1387 541 1438 Anthol.
573 1386 762 1435 Planud.
797 1387 831 1445 I,
867 1387 939 1434 17.
997 1384 1173 1432 Jacobs.
1212 1384 1349 1436 Anth.
1376 1384 1468 1433 Pal.
1500 1385 1554 1432 Π.

242 1493 284 1540 p.
319 1474 426 1521 630.
780 1479 784 1483 “

303 1545 358 1600 ³..ss
381 1553 514 1614 Παν,
551 1554 842 1612 φερβομέναις
865 1550 990 1611 ἱερὰν
1015 1548 1155 1609 φάτιν
1181 1548 1300 1594 ἄπυε
1324 1554 1556 1612 ποίμναις,

374 1633 545 1693 κυρτὸν
566 1634 680 1691 ὑπὲρ
702 1636 906 1691 χρυσέων
929 1637 1074 1684 χεῖλος
1094 1634 1168 1680 ἱείς
1193 1631 1425 1693 δονάκων,

307 1715 414 1776 ὄφρ’
447 1717 497 1758 αἰ
517 1717 598 1768 μὲν
619 1718 795 1757 λευκοῖο
821 1712 1068 1774 βεβριθότα
1090 1714 1218 1772 δῶρα
1240 1713 1475 1771 γάλακτος

373 1793 574 1841 οὗθασιν
598 1797 639 1843 ἐς
663 1796 903 1847 Κλυμένου
931 1795 1087 1839 πυκνοὶ
1110 1798 1279 1854 φέρωσι
1305 1793 1468 1855 δόμον,

309 1879 382 1924 σοι’
411 1879 460 1921 δὲ
481 1876 631 1924 καλῶς
655 1880 848 1937 βωμοῖσι
868 1875 1203 1934 παριστάμενος
1224 1874 1353 1922 πόσις
1381 1875 1524 1933 αἰγῶν

376 1962 551 2017 φοίνιον
578 1959 630 2001 ἐκ
651 1960 814 2001 λασιόυ
839 1956 1037 2011 στήθεος
1059 1951 1156 2010 αἷμ’
1184 1955 1337 2015 ἐρύγῃ.

367 2036 652 2101 Epigramma
699 2035 746 2081 in
782 2034 878 2081 cod.
915 2034 1051 2081 Palat,
1097 2034 1308 2080 omissum
1355 2051 1444 2097 qua
1481 2052 1558 2079 au-

245 2119 439 2167 ctoritate
486 2115 541 2162 ab
579 2114 721 2162 Natali
767 2115 933 2162 Comite
967 2112 1152 2181 Mythol.
1191 2117 1244 2169 Y,
1282 2116 1322 2161 6.
1367 2133 1409 2179 p.
1444 2115 1555 2164 448.

245 2201 313 2250 ed.
351 2198 514 2246 Genev.
570 2197 707 2263 Ibyco
739 2197 977 2261 ascriptum
1003 2195 1059 2242 sit
1095 2206 1134 2241 et
1157 2194 1450 2241 Ruhnkenius
1474 2196 1556 2261 Ep.

245 2282 337 2330 crit.
373 2280 403 2324 I.
438 2296 480 2342 p.
520 2277 624 2324 148.
664 2277 729 2324 ed.
767 2288 861 2326 tert.
896 2276 1077 2323 nescivit
1110 2293 1190 2321 nec
1228 2293 1308 2337 ego
1345 2275 1557 2338 indagare

243 2361 380 2429 potui.
417 2358 582 2405 Natalis
609 2358 740 2405 fidem
767 2368 941 2405 secutus
967 2368 1177 2420 tanquam
1203 2355 1404 2421 Ibycium
1428 2375 1557 2402 usur-

243 2445 362 2510 pavit
401 2439 561 2488 NiclaS.
599 2438 656 2484 ad
692 2438 875 2485 Theocr.
912 2437 962 2495 I,
997 2436 1040 2485 4.
1087 2455 1155 2503 ap.
1193 2435 1383 2484 Seebod.
1428 2436 1555 2484 Misc.

248 2525 358 2573 critt.
394 2522 450 2580 H,
479 2522 522 2569 3.
556 2537 600 2586 p.
637 2519 746 2569 409.
