1677 3059
685 220 750 227 —
861 192 952 238 122
1061 219 1126 228 -

248 326 390 394 Ibyeii
423 345 599 385 caussa,
638 329 692 376 de
730 348 816 396 quo
854 329 1019 377 dictum
1052 332 1255 396 Prole-gg.
1292 354 1333 401 p.
1374 337 1435 384 65
1461 354 1557 403 sqq.

249 407 538 456 scribebatur
576 409 775 475 ἄϋπνος,
811 412 933 476 quod
966 414 1253 471 mutavimus,
1290 416 1392 479 quia
1415 436 1559 483 neque

247 488 417 550 ὄρθρος
459 490 631 540 ἄϋπνος
665 501 836 555 poterat
874 493 960 541 dici
1003 506 1044 541 et
1086 497 1294 552 ἀηδόνας
1338 498 1560 562 epitheton

249 568 480 616 desiderat.
550 570 713 618 Similis
749 575 986 622 sententiae
1010 575 1298 622 conformatio
1325 596 1392 643 ap.
1421 579 1557 646 Soph.

247 647 403 696 Electr.
442 651 514 698 17.
568 650 660 709 ’ἤδη
704 656 920 717 λαμπρὸν
951 659 1086 716 ἡλίου
1132 661 1267 707 σέλας
1302 660 1419 721 Ἑῷα
1452 668 1567 707 κινεῖ

247 736 482 793 φθέγματ’
526 736 731 793 ὀρνίθων
775 739 917 796 σαφῆ.
984 737 1107 784 ‘Nam
1150 742 1376 800 ἐγείρῃσιν
1419 742 1559 787 ozam.

246 815 354 870 οἷηδ.
400 826 464 861 est
496 816 669 861 excitat
703 815 951 873 luscinias,
1010 828 1061 865 ut
1093 839 1313 867 somnam
1354 821 1561 877 mittant,

244 906 540 959 praegnanter
573 895 749 943 dictum.
779 927 845 934 —-
899 901 1063 950 κλυτὸς
1094 899 1279 962 ὄρθρος.
1329 900 1459 947 Hunc
1494 899 1560 946 lo-

246 993 345 1021 cum
381 975 587 1039 indigitat
629 974 851 1022 Plutarch.
888 990 1070 1041 quaestt.
1108 979 1313 1046 Sympos.
1350 980 1477 1039 VIII,
1514 984 1557 1029 3.

243 1060 327 1104 τὸν
361 1056 536 1120 ὄρθρον
570 1060 596 1104 ὁ
626 1057 854 1120 Ἴβυκος
885 1063 941 1105 οὐ
986 1062 1143 1110 κακῶς
1176 1060 1348 1109 κλυτὸν
1387 1070 1560 1124 προςεΐ-

244 1158 326 1186 πεν
340 1175 358 1203 ,
417 1143 466 1185 ἐν
498 1125 536 1201 ᾧ
571 1139 721 1185 κλύειν
765 1142 848 1187 καί
877 1140 968 1198 ἤδη
1006 1145 1304 1202 φθέγγεσθαι
1339 1149 1560 1208 συμβέβη-

244 1239 333 1269 κεν.
376 1220 523 1284 Etym.
559 1219 621 1265 M.
661 1238 703 1285 p.
741 1220 852 1278 440,
890 1223 964 1268 53.
1012 1224 1117 1281 ἠώς.
1168 1225 1381 1275 αἰολικῶς
1415 1223 1559 1288 αὕως,

244 1303 336 1349 ἀπὸ
374 1303 458 1349 τοῦ
491 1299 612 1365 afim,
643 1303 696 1348 τὸ
729 1305 895 1362 φωνῶ·
929 1302 1028 1350 αὗει
1060 1306 1153 1365 γαρ
1185 1306 1244 1350 τοὶ
1269 1306 1383 1370 ζῶα,
1419 1305 1445 1353 ὅ
1465 1308 1561 1352 ἐστι

243 1390 395 1430 καλεῖ.
430 1385 514 1430 καί
543 1380 710 1429 αὕουσι
743 1385 899 1431 πάντα
919 1389 977 1431 δι’
1006 1388 1178 1442 αὐτῆς·
1213 1389 1295 1432 καί
1318 1388 1411 1449 γάρ
1435 1387 1563 1434 κατα

242 1466 382 1511 τοῦτο
419 1464 645 1512 καό“τὸν
683 1463 908 1528 Ἴβυκον
947 1469 1171 1526 εἰρηκέναι
1208 1468 1431 1514 κλυτὸν
1470 1465 1560 1529 ὅρ-

241 1552 424 1610 θρον,
457 1546 540 1592 τὸν
570 1546 655 1591 τοῦ
689 1547 839 1593 κλύειν
871 1547 1030 1592 αἴτιον.
1096 1547 1228 1594 Adde
1264 1546 1412 1594 Schol.
1449 1547 1559 1594 Am-

241 1625 362 1672 bros.
395 1626 522 1672 Hom.
553 1626 640 1673 Od.
665 1627 700 1685 I⁷
728 1627 834 1674 364.
865 1645 906 1691 p.
933 1629 1039 1673 323.
1076 1628 1238 1674 Buttm.
1271 1627 1423 1684 ὄνομα
1449 1635 1559 1675 κλυ-

240 1709 334 1756 τόν.
369 1711 458 1756 οὐκ
497 1711 681 1759 ἔνδοξον
691 1744 710 1773 ,
759 1714 863 1756 ἁλλ’
898 1712 945 1759 ἐξ
975 1697 1031 1755 οὗ
1067 1711 1328 1773 καλοῦμαι,
1379 1710 1405 1756 ὅ
1437 1713 1560 1757 ἐστιν

240 1790 510 1853 ἐπώνυμον,
559 1791 619 1839 ὥς
653 1792 733 1836 καί
759 1790 1013 1852 Ἴβυκος·
1061 1790 1279 1839 κλυτὸς
1314 1788 1557 1854 ὄρθρος,

240 1872 266 1918 ὁ
289 1871 577 1927 καλούμενος.
627 1869 879 1934 Legebatur
896 1869 1066 1934 Ἴβυως,
1098 1887 1208 1916 corr.
1231 1870 1395 1916 Buttm.
1417 1871 1556 1936 praef.

239 1971 283 2018 p.
314 1952 389 1998 IX.
450 1951 654 2014 Quorum
689 1951 1087 1998 Grammaticorum
1119 1950 1427 2015 unusquisque
1461 1951 1558 1997 voci

240 2034 405 2083 κλυτὸς
429 2051 522 2079 eam
546 2033 632 2079 vim
652 2032 927 2091 tribuerunt,
964 2051 1097 2097 quam
1117 2031 1281 2078 habere
1306 2030 1470 2095 nequit.
1484 2032 1555 2094 27)

238 2115 352 2162 Nam
399 2133 536 2180 quum
581 2114 792 2179 primaria
827 2114 946 2161 vocis
986 2113 1247 2177 significatio
1286 2131 1336 2160 ea
1371 2110 1451 2169 sit,
1509 2121 1558 2157 ut

240 2199 406 2248 κλυτὸς
446 2197 616 2243 dicatur
647 2196 684 2243 is
731 2195 786 2242 de
823 2215 911 2260 quo
947 2194 1082 2242 multa
1122 2195 1386 2250 audiuntur,
1449 2210 1556 2257 pro-

240 2296 397 2342 gressu
430 2278 580 2326 aetatis
615 2278 676 2324 ita
716 2276 898 2324 detritus
935 2276 971 2323 is
1007 2294 1162 2323 sensus
1197 2287 1285 2334 est,
1345 2286 1394 2323 ut
1427 2292 1555 2340 prae-

293 2436 363 2482 27)
391 2436 563 2470 Similiter
589 2434 798 2469 intellexisse
826 2435 991 2470 videntur
1014 2434 1249 2471 Grammatici
1278 2435 1430 2482 glossam
1461 2432 1554 2479 apud

370 2502 524 2549 llesych.
552 2501 674 2544 κλυτὸς
701 2498 814 2550 ὅρνις.
844 2500 863 2537 ὁ
893 2500 1107 2550 ἀλεκτρυών,
1134 2510 1173 2537 ut
1197 2502 1242 2537 sit
1269 2502 1334 2547 qui
1358 2512 1472 2534 mane
1491 2510 1554 2531 00-

370 2582 450 2602 cem
489 2570 613 2603 mittit.
689 2568 782 2604 Nam
822 2566 906 2603 hinc
936 2567 1012 2603 Soli
1044 2581 1147 2605 sacra
1179 2567 1273 2612 avis,
1309 2580 1340 2601 v.
1369 2565 1474 2601 Paus.
1506 2564 1554 2606 V,

372 2633 436 2678 25,
465 2633 501 2669 5.
