<?xml version="1.0" encoding="UTF-8"?>
<!DOCTYPE html PUBLIC "-//W3C//DTD XHTML 1.0 Transitional//EN"
    "http://www.w3.org/TR/xhtml1/DTD/xhtml1-transitional.dtd">
<html xmlns="http://www.w3.org/1999/xhtml" xml:lang="en" lang="en">
 <head>
  <title>
</title>
<meta http-equiv="Content-Type" content="text/html;charset=utf-8" />
  <meta name='ocr-system' content='tesseract 3.04.00' />
  <meta name='ocr-capabilities' content='ocr_page ocr_carea ocr_par ocr_line ocrx_word'/>
</head>
<body>
  <div class='ocr_page' id='page_1' title='image "./ibycirheginicarm00schnuoft_0163.png"; bbox 0 0 1677 3059; ppageno 0'>
   <div class='ocr_carea' id='block_1_1' title="bbox 540 179 959 224">
    <p class='ocr_par' dir='ltr' id='par_1_1' title="bbox 540 179 959 224">
     <span class='ocr_line' id='line_1_1' title="bbox 540 179 959 224; baseline -0.005 0"><span class='ocrx_word' id='word_1_1' title='bbox 540 179 959 224; x_wconf 79' lang='lat'>—133—</span> 
     </span>
    </p>
   </div>
   <div class='ocr_carea' id='block_1_2' title="bbox 71 311 1393 2224">
    <p class='ocr_par' dir='ltr' id='par_1_2' title="bbox 71 311 1393 2224">
     <span class='ocr_line' id='line_1_2' title="bbox 91 311 1393 381; baseline 0.002 -21"><span class='ocrx_word' id='word_1_2' title='bbox 91 315 306 362; x_wconf 82' lang='lat' dir='ltr'><strong>Videntur</strong></span> <span class='ocrx_word' id='word_1_3' title='bbox 339 326 481 362; x_wconf 85' lang='lat' dir='ltr'>autem</span> <span class='ocrx_word' id='word_1_4' title='bbox 512 334 601 363; x_wconf 91' lang='lat' dir='ltr'>non</span> <span class='ocrx_word' id='word_1_5' title='bbox 633 326 788 381; x_wconf 83' lang='lat' dir='ltr'>poetae</span> <span class='ocrx_word' id='word_1_6' title='bbox 817 311 957 360; x_wconf 90' lang='lat' dir='ltr'>solum</span> <span class='ocrx_word' id='word_1_7' title='bbox 994 316 1069 379; x_wconf 91' lang='lat' dir='ltr'>qui</span> <span class='ocrx_word' id='word_1_8' title='bbox 1098 324 1197 380; x_wconf 85' lang='lat' dir='ltr'>post</span> <span class='ocrx_word' id='word_1_9' title='bbox 1232 315 1393 363; x_wconf 90' lang='lat' dir='ltr'>Home-</span> 
     </span>
     <span class='ocr_line' id='line_1_3' title="bbox 89 392 1392 456; baseline 0.001 -15"><span class='ocrx_word' id='word_1_10' title='bbox 89 413 185 442; x_wconf 85' lang='lat' dir='ltr'>rum</span> <span class='ocrx_word' id='word_1_11' title='bbox 233 394 497 453; x_wconf 82' lang='lat' dir='ltr'>floruerunt,</span> <span class='ocrx_word' id='word_1_12' title='bbox 551 395 628 443; x_wconf 88' lang='lat' dir='ltr'>sed</span> <span class='ocrx_word' id='word_1_13' title='bbox 675 392 829 456; x_wconf 84' lang='lat' dir='ltr'>vulgus</span> <span class='ocrx_word' id='word_1_14' title='bbox 867 393 1093 441; x_wconf 87' lang='lat' dir='ltr'>hominum</span> <span class='ocrx_word' id='word_1_15' title='bbox 1131 395 1186 442; x_wconf 89' lang='lat' dir='ltr'>de</span> <span class='ocrx_word' id='word_1_16' title='bbox 1233 396 1392 442; x_wconf 78' lang='lat' dir='ltr'>artiore</span> 
     </span>
     <span class='ocr_line' id='line_1_4' title="bbox 86 473 1391 541; baseline 0.001 -20"><span class='ocrx_word' id='word_1_17' title='bbox 86 476 199 522; x_wconf 87' lang='lat' dir='ltr'>inter</span> <span class='ocrx_word' id='word_1_18' title='bbox 235 474 506 541; x_wconf 89' lang='lat' dir='ltr'>Apollinem,</span> <span class='ocrx_word' id='word_1_19' title='bbox 543 476 673 523; x_wconf 91' lang='lat' dir='ltr'>deum</span> <span class='ocrx_word' id='word_1_20' title='bbox 708 473 868 537; x_wconf 83' lang='lat' dir='ltr'>Trojae</span> <span class='ocrx_word' id='word_1_21' title='bbox 897 473 1146 532; x_wconf 83' lang='lat' dir='ltr'>tutelarem,</span> <span class='ocrx_word' id='word_1_22' title='bbox 1183 486 1224 522; x_wconf 88' lang='lat' dir='ltr'>et</span> <span class='ocrx_word' id='word_1_23' title='bbox 1246 476 1391 522; x_wconf 91' lang='lat' dir='ltr'>Hecu-</span> 
     </span>
     <span class='ocr_line' id='line_1_5' title="bbox 85 554 1391 618; baseline 0.001 -17"><span class='ocrx_word' id='word_1_24' title='bbox 85 554 187 602; x_wconf 89' lang='lat' dir='ltr'>bam</span> <span class='ocrx_word' id='word_1_25' title='bbox 222 574 335 602; x_wconf 76' lang='lat' dir='ltr'>nexu</span> <span class='ocrx_word' id='word_1_26' title='bbox 367 555 551 604; x_wconf 89' lang='lat' dir='ltr'>multum</span> <span class='ocrx_word' id='word_1_27' title='bbox 584 554 790 610; x_wconf 80' lang='lat' dir='ltr'>fabulati3</span> <span class='ocrx_word' id='word_1_28' title='bbox 828 572 929 600; x_wconf 85' lang='lat' dir='ltr'>nam</span> <span class='ocrx_word' id='word_1_29' title='bbox 966 567 1072 602; x_wconf 89' lang='lat' dir='ltr'>teste</span> <span class='ocrx_word' id='word_1_30' title='bbox 1107 555 1391 618; x_wconf 80' lang='lat' dir='ltr'>Athenagora</span> 
     </span>
     <span class='ocr_line' id='line_1_6' title="bbox 82 634 1389 700; baseline -0.002 -16"><span class='ocrx_word' id='word_1_31' title='bbox 82 634 271 700; x_wconf 84' lang='lat' dir='ltr'>Apolog.</span> <span class='ocrx_word' id='word_1_32' title='bbox 303 636 395 683; x_wconf 88' lang='lat' dir='ltr'>init.</span> <span class='ocrx_word' id='word_1_33' title='bbox 429 640 455 684; x_wconf 86' lang='grc' dir='ltr'>ὁ</span> <span class='ocrx_word' id='word_1_34' title='bbox 487 641 570 693; x_wconf 75' lang='grc' dir='ltr'>μὲν</span> <span class='ocrx_word' id='word_1_35' title='bbox 599 637 747 685; x_wconf 77' lang='grc' dir='ltr'><em>Ἰλιεὺς</em></span> <span class='ocrx_word' id='word_1_36' title='bbox 770 636 884 681; x_wconf 81' lang='grc' dir='ltr'><em>θεὸν</em></span> <span class='ocrx_word' id='word_1_37' title='bbox 911 638 1109 696; x_wconf 77' lang='grc' dir='ltr'><em>Ἕκτορα</em></span> <span class='ocrx_word' id='word_1_38' title='bbox 1133 642 1278 699; x_wconf 70' lang='grc' dir='ltr'><em>λέγει,</em></span> <span class='ocrx_word' id='word_1_39' title='bbox 1313 637 1389 700; x_wconf 89' lang='lat' dir='ltr'>qui</span> 
     </span>
     <span class='ocr_line' id='line_1_7' title="bbox 82 714 1387 781; baseline 0.002 -19"><span class='ocrx_word' id='word_1_40' title='bbox 82 716 128 763; x_wconf 92' lang='lat' dir='ltr'>Il.</span> <span class='ocrx_word' id='word_1_41' title='bbox 163 716 282 773; x_wconf 87' lang='lat' dir='ltr'>XIH,</span> <span class='ocrx_word' id='word_1_42' title='bbox 314 716 388 764; x_wconf 79' lang='grc'>54.</span> <span class='ocrx_word' id='word_1_43' title='bbox 422 734 469 763; x_wconf 89' lang='lat' dir='ltr'>se</span> <span class='ocrx_word' id='word_1_44' title='bbox 498 717 594 781; x_wconf 88' lang='lat' dir='ltr'>ipse</span> <span class='ocrx_word' id='word_1_45' title='bbox 627 715 839 779; x_wconf 86' lang='lat' dir='ltr'>gloriatur</span> <span class='ocrx_word' id='word_1_46' title='bbox 871 715 990 761; x_wconf 87' lang='lat' dir='ltr'>Jovis</span> <span class='ocrx_word' id='word_1_47' title='bbox 1017 714 1072 760; x_wconf 88' lang='lat' dir='ltr'>de</span> <span class='ocrx_word' id='word_1_48' title='bbox 1096 716 1258 763; x_wconf 83' lang='lat' dir='ltr'>semine</span> <span class='ocrx_word' id='word_1_49' title='bbox 1295 736 1387 764; x_wconf 88' lang='lat' dir='ltr'>cre-</span> 
     </span>
     <span class='ocr_line' id='line_1_8' title="bbox 81 793 1385 861; baseline 0.001 -19"><span class='ocrx_word' id='word_1_50' title='bbox 81 806 200 854; x_wconf 90' lang='lat' dir='ltr'>tum,</span> <span class='ocrx_word' id='word_1_51' title='bbox 244 795 302 842; x_wconf 93' lang='lat' dir='ltr'>ob</span> <span class='ocrx_word' id='word_1_52' title='bbox 337 796 555 858; x_wconf 86' lang='lat' dir='ltr'><strong>insignem</strong></span> <span class='ocrx_word' id='word_1_53' title='bbox 590 793 890 842; x_wconf 80' lang='lat' dir='ltr'>fortitudinem</span> <span class='ocrx_word' id='word_1_54' title='bbox 933 805 1052 859; x_wconf 87' lang='lat' dir='ltr'>puta.</span> <span class='ocrx_word' id='word_1_55' title='bbox 1136 796 1385 861; x_wconf 75' lang='lat' dir='ltr'>Apollinem</span> 
     </span>
     <span class='ocr_line' id='line_1_9' title="bbox 82 874 1385 940; baseline 0.001 -18"><span class='ocrx_word' id='word_1_56' title='bbox 82 887 224 922; x_wconf 86' lang='lat' dir='ltr'>autem</span> <span class='ocrx_word' id='word_1_57' title='bbox 256 887 480 940; x_wconf 88' lang='lat' dir='ltr'>parentem</span> <span class='ocrx_word' id='word_1_58' title='bbox 515 876 657 922; x_wconf 87' lang='lat' dir='ltr'>fecere</span> <span class='ocrx_word' id='word_1_59' title='bbox 691 874 917 930; x_wconf 82' lang='lat' dir='ltr'>Hectoris,</span> <span class='ocrx_word' id='word_1_60' title='bbox 964 875 1171 938; x_wconf 88' lang='lat' dir='ltr'>quoniam</span> <span class='ocrx_word' id='word_1_61' title='bbox 1202 875 1240 921; x_wconf 90' lang='lat' dir='ltr'>is</span> <span class='ocrx_word' id='word_1_62' title='bbox 1277 875 1385 923; x_wconf 90' lang='lat' dir='ltr'>deus</span> 
     </span>
     <span class='ocr_line' id='line_1_10' title="bbox 81 948 1381 1018; baseline -0.001 -16"><span class='ocrx_word' id='word_1_63' title='bbox 81 955 120 1002; x_wconf 87' lang='lat' dir='ltr'>ei</span> <span class='ocrx_word' id='word_1_64' title='bbox 148 958 302 1012; x_wconf 79' lang='grc' dir='ltr'><em>μάχης</em></span> <span class='ocrx_word' id='word_1_65' title='bbox 328 957 630 1018; x_wconf 75' lang='grc' dir='ltr'><strong><em>ἐπιτάρροθος</em></strong></span> <span class='ocrx_word' id='word_1_66' title='bbox 660 948 752 1013; x_wconf 77' lang='grc' dir='ltr'><em>ἦεν.</em></span> <span class='ocrx_word' id='word_1_67' title='bbox 823 953 909 999; x_wconf 91' lang='lat' dir='ltr'>Cfr.</span> <span class='ocrx_word' id='word_1_68' title='bbox 949 954 1146 1002; x_wconf 85' lang='lat' dir='ltr'>Mueller.</span> <span class='ocrx_word' id='word_1_69' title='bbox 1178 955 1381 1018; x_wconf 85' lang='lat' dir='ltr'>Prolegg.</span> 
     </span>
     <span class='ocr_line' id='line_1_11' title="bbox 79 1033 1384 1100; baseline 0.001 -18"><span class='ocrx_word' id='word_1_70' title='bbox 79 1053 120 1100; x_wconf 90' lang='lat' dir='ltr'>p.</span> <span class='ocrx_word' id='word_1_71' title='bbox 156 1037 291 1093; x_wconf 60' lang='lat'>270„</span> <span class='ocrx_word' id='word_1_72' title='bbox 335 1034 523 1083; x_wconf 84' lang='lat' dir='ltr'>Lobeck.</span> <span class='ocrx_word' id='word_1_73' title='bbox 558 1033 776 1098; x_wconf 84' lang='lat' dir='ltr'>Aglaoph.</span> <span class='ocrx_word' id='word_1_74' title='bbox 810 1035 844 1090; x_wconf 93' lang='lat' dir='ltr'>I,</span> <span class='ocrx_word' id='word_1_75' title='bbox 883 1053 924 1099; x_wconf 92' lang='lat' dir='ltr'>p.</span> <span class='ocrx_word' id='word_1_76' title='bbox 960 1036 1068 1085; x_wconf 79' lang='lat'>268.</span> <span class='ocrx_word' id='word_1_77' title='bbox 1156 1035 1265 1082; x_wconf 92' lang='lat' dir='ltr'>Cum</span> <span class='ocrx_word' id='word_1_78' title='bbox 1304 1036 1384 1084; x_wconf 89' lang='lat' dir='ltr'>hac</span> 
     </span>
     <span class='ocr_line' id='line_1_12' title="bbox 77 1113 1383 1178; baseline 0.001 -14"><span class='ocrx_word' id='word_1_79' title='bbox 77 1116 229 1164; x_wconf 88' lang='lat' dir='ltr'>fabula</span> <span class='ocrx_word' id='word_1_80' title='bbox 259 1127 349 1163; x_wconf 87' lang='lat' dir='ltr'>arte</span> <span class='ocrx_word' id='word_1_81' title='bbox 374 1114 599 1171; x_wconf 86' lang='lat' dir='ltr'>cohaeret,</span> <span class='ocrx_word' id='word_1_82' title='bbox 636 1113 757 1178; x_wconf 90' lang='lat' dir='ltr'>quod</span> <span class='ocrx_word' id='word_1_83' title='bbox 779 1125 886 1161; x_wconf 85' lang='lat' dir='ltr'>teste</span> <span class='ocrx_word' id='word_1_84' title='bbox 909 1114 1161 1162; x_wconf 89' lang='lat' dir='ltr'>Stesichoro</span> <span class='ocrx_word' id='word_1_85' title='bbox 1184 1118 1229 1163; x_wconf 91' lang='lat' dir='ltr'>in</span> <span class='ocrx_word' id='word_1_86' title='bbox 1251 1122 1383 1165; x_wconf 84' lang='grc' dir='ltr'><em>Ἰλίου</em></span> 
     </span>
     <span class='ocr_line' id='line_1_13' title="bbox 77 1195 1382 1261; baseline 0 -16"><span class='ocrx_word' id='word_1_87' title='bbox 77 1202 252 1260; x_wconf 80' lang='grc' dir='ltr'><em>περσίδι</em></span> <span class='ocrx_word' id='word_1_88' title='bbox 293 1214 361 1261; x_wconf 90' lang='lat' dir='ltr'>ap.</span> <span class='ocrx_word' id='word_1_89' title='bbox 397 1196 527 1242; x_wconf 77' lang='lat' dir='ltr'>Paus,</span> <span class='ocrx_word' id='word_1_90' title='bbox 566 1197 622 1252; x_wconf 89' lang='lat' dir='ltr'>X,</span> <span class='ocrx_word' id='word_1_91' title='bbox 658 1198 737 1252; x_wconf 79' lang='lat'>27,</span> <span class='ocrx_word' id='word_1_92' title='bbox 771 1213 813 1259; x_wconf 91' lang='lat' dir='ltr'>p.</span> <span class='ocrx_word' id='word_1_93' title='bbox 850 1195 986 1251; x_wconf 70' lang='grc'>865,</span> <span class='ocrx_word' id='word_1_94' title='bbox 1043 1214 1172 1259; x_wconf 87' lang='lat' dir='ltr'>quem</span> <span class='ocrx_word' id='word_1_95' title='bbox 1208 1210 1382 1245; x_wconf 89' lang='lat' dir='ltr'>secutus</span> 
     </span>
     <span class='ocr_line' id='line_1_14' title="bbox 77 1274 1382 1341; baseline 0 -16"><span class='ocrx_word' id='word_1_96' title='bbox 77 1288 169 1325; x_wconf 89' lang='lat' dir='ltr'>erat</span> <span class='ocrx_word' id='word_1_97' title='bbox 199 1275 475 1341; x_wconf 84' lang='lat' dir='ltr'>Polygnotus</span> <span class='ocrx_word' id='word_1_98' title='bbox 511 1275 557 1321; x_wconf 92' lang='lat' dir='ltr'>in</span> <span class='ocrx_word' id='word_1_99' title='bbox 591 1274 799 1340; x_wconf 83' lang='lat' dir='ltr'>picturis,</span> <span class='ocrx_word' id='word_1_100' title='bbox 856 1274 1018 1339; x_wconf 91' lang='lat' dir='ltr'>quibus</span> <span class='ocrx_word' id='word_1_101' title='bbox 1054 1276 1243 1324; x_wconf 89' lang='lat' dir='ltr'>lescham</span> <span class='ocrx_word' id='word_1_102' title='bbox 1278 1279 1382 1325; x_wconf 88' lang='lat' dir='ltr'>Del-</span> 
     </span>
     <span class='ocr_line' id='line_1_15' title="bbox 75 1355 1380 1423; baseline 0.002 -20"><span class='ocrx_word' id='word_1_103' title='bbox 75 1357 250 1423; x_wconf 89' lang='lat' dir='ltr'>phicam</span> <span class='ocrx_word' id='word_1_104' title='bbox 288 1367 595 1412; x_wconf 85' lang='lat' dir='ltr'>exornaverat,</span> <span class='ocrx_word' id='word_1_105' title='bbox 644 1355 804 1420; x_wconf 89' lang='lat' dir='ltr'>Apollo</span> <span class='ocrx_word' id='word_1_106' title='bbox 841 1368 941 1421; x_wconf 87' lang='lat' dir='ltr'>post</span> <span class='ocrx_word' id='word_1_107' title='bbox 975 1357 1163 1404; x_wconf 87' lang='lat' dir='ltr'>dirutam</span> <span class='ocrx_word' id='word_1_108' title='bbox 1201 1359 1380 1423; x_wconf 88' lang='lat' dir='ltr'>Trojam</span> 
     </span>
     <span class='ocr_line' id='line_1_16' title="bbox 77 1436 1380 1499; baseline 0 -13"><span class='ocrx_word' id='word_1_109' title='bbox 77 1449 261 1486; x_wconf 88' lang='lat' dir='ltr'>amatam</span> <span class='ocrx_word' id='word_1_110' title='bbox 289 1454 413 1483; x_wconf 88' lang='lat' dir='ltr'>suam</span> <span class='ocrx_word' id='word_1_111' title='bbox 438 1436 665 1483; x_wconf 88' lang='lat' dir='ltr'>Hecubam</span> <span class='ocrx_word' id='word_1_112' title='bbox 686 1437 733 1483; x_wconf 89' lang='lat' dir='ltr'>in</span> <span class='ocrx_word' id='word_1_113' title='bbox 762 1438 943 1499; x_wconf 87' lang='lat' dir='ltr'>Lyciam</span> <span class='ocrx_word' id='word_1_114' title='bbox 973 1456 1140 1484; x_wconf 86' lang='lat' dir='ltr'>sacram</span> <span class='ocrx_word' id='word_1_115' title='bbox 1176 1438 1259 1486; x_wconf 91' lang='lat' dir='ltr'>deo</span> <span class='ocrx_word' id='word_1_116' title='bbox 1294 1450 1380 1486; x_wconf 87' lang='lat' dir='ltr'>ter-</span> 
     </span>
     <span class='ocr_line' id='line_1_17' title="bbox 75 1517 1380 1566; baseline 0.001 -1"><span class='ocrx_word' id='word_1_117' title='bbox 75 1537 167 1566; x_wconf 89' lang='lat' dir='ltr'>ram</span> <span class='ocrx_word' id='word_1_118' title='bbox 204 1517 355 1564; x_wconf 88' lang='lat' dir='ltr'>aufert.</span> <span class='ocrx_word' id='word_1_119' title='bbox 450 1517 517 1563; x_wconf 91' lang='lat' dir='ltr'>De</span> <span class='ocrx_word' id='word_1_120' title='bbox 551 1517 682 1564; x_wconf 85' lang='lat' dir='ltr'>variis</span> <span class='ocrx_word' id='word_1_121' title='bbox 718 1519 832 1566; x_wconf 81' lang='lat' dir='ltr'>cirea</span> <span class='ocrx_word' id='word_1_122' title='bbox 866 1518 1073 1565; x_wconf 87' lang='lat' dir='ltr'>Hecubae</span> <span class='ocrx_word' id='word_1_123' title='bbox 1106 1520 1194 1566; x_wconf 84' lang='lat' dir='ltr'>fata</span> <span class='ocrx_word' id='word_1_124' title='bbox 1228 1538 1380 1566; x_wconf 88' lang='lat' dir='ltr'>narra-</span> 
     </span>
     <span class='ocr_line' id='line_1_18' title="bbox 74 1596 1376 1665; baseline 0.002 -21"><span class='ocrx_word' id='word_1_125' title='bbox 74 1597 268 1644; x_wconf 81' lang='lat' dir='ltr'>tionibus</span> <span class='ocrx_word' id='word_1_126' title='bbox 300 1596 408 1643; x_wconf 83' lang='lat' dir='ltr'>dixit</span> <span class='ocrx_word' id='word_1_127' title='bbox 435 1597 669 1644; x_wconf 88' lang='lat' dir='ltr'>Hermann.</span> <span class='ocrx_word' id='word_1_128' title='bbox 698 1598 741 1643; x_wconf 89' lang='lat' dir='ltr'>in</span> <span class='ocrx_word' id='word_1_129' title='bbox 778 1599 927 1662; x_wconf 87' lang='lat' dir='ltr'>Eurip.</span> <span class='ocrx_word' id='word_1_130' title='bbox 961 1599 1128 1645; x_wconf 75' lang='lat' dir='ltr'>Hecub.</span> <span class='ocrx_word' id='word_1_131' title='bbox 1165 1601 1301 1656; x_wconf 71' lang='lat'>1234,</span> <span class='ocrx_word' id='word_1_132' title='bbox 1336 1620 1376 1665; x_wconf 91' lang='lat' dir='ltr'>p.</span> 
     </span>
     <span class='ocr_line' id='line_1_19' title="bbox 79 1677 1378 1745; baseline 0 -19"><span class='ocrx_word' id='word_1_133' title='bbox 79 1681 181 1727; x_wconf 75' lang='lat'>140.</span> <span class='ocrx_word' id='word_1_134' title='bbox 219 1677 320 1725; x_wconf 89' lang='lat' dir='ltr'>edit.</span> <span class='ocrx_word' id='word_1_135' title='bbox 356 1677 425 1724; x_wconf 89' lang='lat' dir='ltr'>alt.</span> <span class='ocrx_word' id='word_1_136' title='bbox 506 1677 606 1723; x_wconf 86' lang='lat' dir='ltr'>Fuit</span> <span class='ocrx_word' id='word_1_137' title='bbox 640 1689 864 1742; x_wconf 88' lang='lat' dir='ltr'>praeterea</span> <span class='ocrx_word' id='word_1_138' title='bbox 896 1679 942 1725; x_wconf 89' lang='lat' dir='ltr'>in</span> <span class='ocrx_word' id='word_1_139' title='bbox 977 1678 1138 1745; x_wconf 81' lang='lat' dir='ltr'>mythis</span> <span class='ocrx_word' id='word_1_140' title='bbox 1181 1680 1378 1726; x_wconf 83' lang='lat' dir='ltr'>Troilum</span> 
     </span>
     <span class='ocr_line' id='line_1_20' title="bbox 76 1756 1375 1824; baseline 0.002 -19"><span class='ocrx_word' id='word_1_141' title='bbox 76 1758 322 1824; x_wconf 85' lang='lat' dir='ltr'>suscepisse</span> <span class='ocrx_word' id='word_1_142' title='bbox 358 1756 540 1805; x_wconf 89' lang='lat' dir='ltr'>eandem</span> <span class='ocrx_word' id='word_1_143' title='bbox 577 1775 626 1803; x_wconf 87' lang='lat' dir='ltr'>ex</span> <span class='ocrx_word' id='word_1_144' title='bbox 660 1757 889 1823; x_wconf 87' lang='lat' dir='ltr'>Apolline,</span> <span class='ocrx_word' id='word_1_145' title='bbox 937 1779 970 1804; x_wconf 92' lang='lat' dir='ltr'>v.</span> <span class='ocrx_word' id='word_1_146' title='bbox 1008 1758 1230 1823; x_wconf 84' lang='lat' dir='ltr'>Lycophr.</span> <span class='ocrx_word' id='word_1_147' title='bbox 1269 1762 1375 1807; x_wconf 82' lang='lat'><strong>313.</strong></span> 
     </span>
     <span class='ocr_line' id='line_1_21' title="bbox 71 1838 1375 1904; baseline 0.002 -18"><span class='ocrx_word' id='word_1_148' title='bbox 71 1840 224 1904; x_wconf 88' lang='lat' dir='ltr'>ibique</span> <span class='ocrx_word' id='word_1_149' title='bbox 258 1839 428 1895; x_wconf 90' lang='lat' dir='ltr'>Tzetz.,</span> <span class='ocrx_word' id='word_1_150' title='bbox 476 1838 618 1901; x_wconf 87' lang='lat' dir='ltr'>Heyn.</span> <span class='ocrx_word' id='word_1_151' title='bbox 656 1838 713 1884; x_wconf 88' lang='lat' dir='ltr'>ad</span> <span class='ocrx_word' id='word_1_152' title='bbox 745 1839 949 1904; x_wconf 90' lang='lat' dir='ltr'>Apollod.</span> <span class='ocrx_word' id='word_1_153' title='bbox 987 1859 1027 1904; x_wconf 89' lang='lat' dir='ltr'>p.</span> <span class='ocrx_word' id='word_1_154' title='bbox 1066 1843 1198 1896; x_wconf 59' lang='lat'>303„</span> <span class='ocrx_word' id='word_1_155' title='bbox 1236 1841 1375 1888; x_wconf 85' lang='lat' dir='ltr'>Klein.</span> 
     </span>
     <span class='ocr_line' id='line_1_22' title="bbox 76 1917 1376 1984; baseline 0.002 -18"><span class='ocrx_word' id='word_1_156' title='bbox 76 1919 257 1966; x_wconf 87' lang='lat' dir='ltr'>Stesich.</span> <span class='ocrx_word' id='word_1_157' title='bbox 286 1938 328 1984; x_wconf 90' lang='lat' dir='ltr'>p.</span> <span class='ocrx_word' id='word_1_158' title='bbox 353 1920 429 1967; x_wconf 83' lang='lat'>80.</span> <span class='ocrx_word' id='word_1_159' title='bbox 498 1917 629 1964; x_wconf 89' lang='lat' dir='ltr'>Unde</span> <span class='ocrx_word' id='word_1_160' title='bbox 654 1917 862 1977; x_wconf 87' lang='lat' dir='ltr'>Achilles,</span> <span class='ocrx_word' id='word_1_161' title='bbox 901 1921 1024 1983; x_wconf 84' lang='lat' dir='ltr'>cujus</span> <span class='ocrx_word' id='word_1_162' title='bbox 1054 1938 1222 1966; x_wconf 86' lang='lat' dir='ltr'>amores</span> <span class='ocrx_word' id='word_1_163' title='bbox 1251 1939 1376 1968; x_wconf 89' lang='lat' dir='ltr'>recu-</span> 
     </span>
     <span class='ocr_line' id='line_1_23' title="bbox 76 1997 1377 2061; baseline 0.004 -17"><span class='ocrx_word' id='word_1_164' title='bbox 76 2016 194 2045; x_wconf 88' lang='lat' dir='ltr'>sasse</span> <span class='ocrx_word' id='word_1_165' title='bbox 237 1998 484 2055; x_wconf 83' lang='lat' dir='ltr'>serebatur,</span> <span class='ocrx_word' id='word_1_166' title='bbox 530 1997 587 2044; x_wconf 89' lang='lat' dir='ltr'>ad</span> <span class='ocrx_word' id='word_1_167' title='bbox 629 1999 873 2061; x_wconf 82' lang='lat' dir='ltr'>augendam</span> <span class='ocrx_word' id='word_1_168' title='bbox 918 2001 1124 2047; x_wconf 81' lang='lat' dir='ltr'>facinoris</span> <span class='ocrx_word' id='word_1_169' title='bbox 1161 2000 1377 2050; x_wconf 83' lang='lat' dir='ltr'>diritatem</span> 
     </span>
     <span class='ocr_line' id='line_1_24' title="bbox 74 2078 1372 2146; baseline 0.005 -21"><span class='ocrx_word' id='word_1_170' title='bbox 74 2079 120 2125; x_wconf 89' lang='lat' dir='ltr'>in</span> <span class='ocrx_word' id='word_1_171' title='bbox 156 2096 231 2124; x_wconf 82' lang='lat' dir='ltr'>ara</span> <span class='ocrx_word' id='word_1_172' title='bbox 263 2080 399 2143; x_wconf 82' lang='lat' dir='ltr'>patris</span> <span class='ocrx_word' id='word_1_173' title='bbox 435 2078 703 2146; x_wconf 82' lang='lat' dir='ltr'>Thymbraei</span> <span class='ocrx_word' id='word_1_174' title='bbox 741 2081 995 2135; x_wconf 79' lang='lat' dir='ltr'>obtruncat,</span> <span class='ocrx_word' id='word_1_175' title='bbox 1033 2101 1066 2125; x_wconf 84' lang='lat' dir='ltr'>v.</span> <span class='ocrx_word' id='word_1_176' title='bbox 1097 2082 1317 2146; x_wconf 89' lang='lat' dir='ltr'>Lycophr.</span> <span class='ocrx_word' id='word_1_177' title='bbox 1349 2085 1372 2131; x_wconf 92' lang='lat' dir='ltr'>l.</span> 
     </span>
     <span class='ocr_line' id='line_1_25' title="bbox 76 2158 1374 2224; baseline 0.003 -18"><span class='ocrx_word' id='word_1_178' title='bbox 76 2178 137 2215; x_wconf 90' lang='lat' dir='ltr'>c.,</span> <span class='ocrx_word' id='word_1_179' title='bbox 171 2175 323 2205; x_wconf 87' lang='lat' dir='ltr'>vasum</span> <span class='ocrx_word' id='word_1_180' title='bbox 355 2159 500 2205; x_wconf 89' lang='lat' dir='ltr'>Musei</span> <span class='ocrx_word' id='word_1_181' title='bbox 534 2158 704 2207; x_wconf 84' lang='lat' dir='ltr'>Etrusc.</span> <span class='ocrx_word' id='word_1_182' title='bbox 738 2180 802 2207; x_wconf 87' lang='lat' dir='ltr'>ur.</span> <span class='ocrx_word' id='word_1_183' title='bbox 831 2164 948 2216; x_wconf 80' lang='lat'>569,</span> <span class='ocrx_word' id='word_1_184' title='bbox 985 2161 1241 2224; x_wconf 66' lang='lat' dir='ltr'>explicatum</span> <span class='ocrx_word' id='word_1_185' title='bbox 1270 2165 1374 2210; x_wconf 87' lang='lat' dir='ltr'>Am-</span> 
     </span>
    </p>
   </div>
   <div class='ocr_carea' id='block_1_3' title="bbox 75 2238 1375 2384">
    <p class='ocr_par' dir='ltr' id='par_1_3' title="bbox 75 2238 1375 2384">
     <span class='ocr_line' id='line_1_26' title="bbox 77 2238 1375 2309; baseline 0.005 -23"><span class='ocrx_word' id='word_1_186' title='bbox 77 2238 283 2288; x_wconf 85' lang='lat' dir='ltr'>broschio</span> <span class='ocrx_word' id='word_1_187' title='bbox 314 2239 360 2285; x_wconf 90' lang='lat' dir='ltr'>in</span> <span class='ocrx_word' id='word_1_188' title='bbox 394 2238 564 2285; x_wconf 86' lang='lat' dir='ltr'>Annall.</span> <span class='ocrx_word' id='word_1_189' title='bbox 599 2240 734 2288; x_wconf 88' lang='lat' dir='ltr'>Instit.</span> <span class='ocrx_word' id='word_1_190' title='bbox 769 2241 996 2289; x_wconf 80' lang='lat' dir='ltr'>Archaeol.</span> <span class='ocrx_word' id='word_1_191' title='bbox 1030 2243 1176 2300; x_wconf 74' lang='grc'>1831,</span> <span class='ocrx_word' id='word_1_192' title='bbox 1215 2263 1255 2309; x_wconf 92' lang='lat' dir='ltr'>p.</span> <span class='ocrx_word' id='word_1_193' title='bbox 1280 2248 1375 2292; x_wconf 80' lang='lat'>372</span> 
     </span>
     <span class='ocr_line' id='line_1_27' title="bbox 75 2337 170 2384; baseline -0.021 -18"><span class='ocrx_word' id='word_1_194' title='bbox 75 2337 170 2384; x_wconf 89' lang='lat' dir='ltr'>sqq.</span> 
     </span>
    </p>
   </div>
  </div>
 </body>
</html>
