1677 3059
496 260 561 268 .-..
680 230 744 278 49
867 255 933 266 —

57 385 196 422 strare
226 370 397 418 connisi
432 387 611 428 sumus,
644 376 903 425 narrantur,
938 366 996 415 ad
1020 367 1206 434 Ibycum
1241 372 1366 426 liceat

58 450 402 504 accommodare.

180 534 250 582 De
285 532 537 580 Stesichoro
570 531 629 578 ita
665 529 923 593 Quintilian.
959 529 1080 578 Instt.
1117 551 1202 580 orr.
1233 536 1290 594 X,
1327 538 1364 585 1.

61 618 138 665 62.
174 639 197 661 »
214 614 514 662 Stesichorum
536 629 665 677 quam
689 611 745 657 sit
769 610 948 672 ingenio
972 611 1141 659 validus
1164 619 1368 667 materiae

61 713 241 762 quoque
269 693 531 751 ostendunt,
565 691 751 739 maxima
785 688 898 737 bella
931 701 972 736 et
1008 691 1271 746 clarissimos
1299 719 1370 749 ca-

60 788 237 825 nentem
271 775 406 822 duces
453 784 494 820 et
536 771 648 838 epici
684 770 888 818 carminis
934 789 1066 818 onera
1113 773 1207 839 lyra
1239 783 1370 829 susti-

62 868 249 906 nentem.
329 854 496 902 Reddit
541 852 655 900 enim
695 852 897 916 personis
943 852 989 899 in
1034 855 1207 916 agendo
1243 861 1372 910 simul

62 936 376 1004 loquendoque
423 935 616 983 debitam
659 931 940 995 dignitatem,
993 951 1042 980 ac
1083 934 1120 980 si
1162 941 1374 990 tenuisset

62 1018 266 1077 modum,
299 1016 473 1064 videtur
506 1013 714 1062 aemulari
743 1014 968 1077 proximus
1006 1015 1246 1066 Homerum
1274 1033 1373 1087 pot-

64 1099 210 1148 uisse:
256 1097 336 1146 sed
368 1094 590 1143 redundat
617 1104 746 1157 atque
779 1093 1045 1144 effunditur:
1083 1098 1204 1161 quod
1236 1112 1283 1148 ut
1311 1115 1375 1150 est

62 1175 494 1244 reprehendendum,
529 1173 589 1220 ita
621 1174 771 1238 copiae
796 1173 946 1222 vitium
979 1188 1052 1224 est.
1067 1201 1088 1221 «
1155 1182 1377 1231 Imm-ima

65 1259 193 1308 bella
228 1257 383 1306 cecinit
417 1267 457 1304 et
492 1256 775 1302 clarissimos
810 1255 966 1312 duces,
1002 1276 1092 1303 non
1129 1262 1392 1325 aequalium.

65 1338 147 1386 sed
177 1337 389 1394 heroum,
443 1335 577 1383 veluti
610 1334 784 1382 labores
816 1336 1046 1395 Herculis,
1093 1341 1376 1391 vastationem

67 1418 255 1483 Trojae,
299 1415 584 1484 Eriphylam,
631 1415 853 1481 Cycnum,
900 1417 994 1464 alia.
1075 1423 1208 1483 Lyra
1240 1426 1378 1470 susti.

66 1501 222 1548 nuisse
255 1515 399 1545 onera
434 1498 553 1561 epici
568 1497 791 1542 carminis
813 1497 966 1544 scribit
991 1498 1201 1561 Quintil,
1240 1522 1378 1566 quan-

67 1577 310 1644 doquidem
342 1595 552 1640 magnum
584 1576 694 1642 quid
729 1588 843 1635 erat,
881 1597 927 1625 ea
967 1580 1085 1647 lyrae
1121 1582 1264 1630 modis
1301 1584 1379 1630 ad-

67 1658 225 1726 aptari,
260 1675 372 1724 quae
396 1657 451 1704 ab
481 1657 616 1723 epicis
639 1659 781 1723 poetis
805 1658 968 1708 heroici
990 1662 1194 1709 carminis
1220 1682 1380 1729 acqua-

68 1739 149 1788 bili
181 1751 333 1787 tenore
365 1738 527 1786 tradita
559 1750 715 1786 essent.
795 1741 906 1787 Nam
933 1760 1068 1806 quum
1087 1739 1239 1788 relicui
1275 1760 1382 1805 poe-

68 1831 139 1869 tae
170 1820 322 1888 Lyrici
348 1817 521 1866 modice
551 1819 713 1887 mythis
741 1831 968 1868 uterentur
999 1820 1056 1867 ad
1089 1820 1383 1868 extollendum

70 1901 351 1969 splendorem
373 1916 522 1946 rerum
547 1900 859 1965 praesentium,
896 1899 1174 1948 Stesichorus
1202 1920 1275 1948 eos
1301 1920 1382 1967 pro

72 1981 358 2030 fundamento
399 1979 640 2027 carminum
680 1981 840 2046 posuit.
928 1981 1058 2028 Unde
1103 1982 1264 2028 sactum
1306 1994 1384 2039 est,

74 2071 124 2108 ut
175 2059 443 2108 Stesichoria
489 2061 682 2108 carmina
712 2062 910 2127 proxime
953 2062 1010 2108 ad
1054 2073 1253 2109 naturam
1296 2066 1388 2108 τῶν

73 2142 195 2189 ἐπῶν
225 2139 503 2198 accederent3
557 2160 670 2206 quae
706 2160 794 2207 quo
830 2141 998 2189 ambitu
1034 2142 1225 2198 suerint,
1274 2142 1386 2188 Ore-

75 2233 194 2269 steae
234 2218 362 2266 docet
401 2221 635 2279 memoria,
686 2223 736 2269 in·
779 2222 892 2269 duos
936 2222 1100 2268 divisae
1137 2222 1299 2279 libros⁷
1348 2240 1385 2266 v.

76 2300 218 2348 Klein.
265 2298 394 2363 frgm.
431 2303 689 2360 XXXVIII,
760 2321 891 2367 quam
929 2303 1261 2368 amplitudinem
1306 2300 1389 2347 alia

80 2399 257 2448 quoque
289 2380 481 2428 carmina
514 2399 725 2447 aequasse
750 2382 922 2431 videtur
948 2395 1304 2438 consentaneum,
1342 2392 1388 2427 ut

79 2469 210 2511 Ἰλίου
244 2466 448 2522 περσίδοι.
519 2461 670 2523 Quum
703 2474 845 2511 autem
869 2467 974 2513 haec
1009 2464 1156 2531 poesis
1192 2481 1242 2509 ex
1276 2461 1388 2527 epici

82 2542 286 2591 carminis
324 2540 458 2606 stirpe
501 2541 758 2606 pullulasset
801 2556 1010 2610 tanquam
1045 2561 1247 2609 germen,
1299 2560 1389 2588 non

81 2623 328 2670 mirandum
362 2632 451 2678 est,
486 2621 532 2668 in
568 2621 662 2669 aliis
697 2641 872 2689 quoque
905 2627 1038 2673 rebus
1067 2643 1160 2671 non
1182 2640 1391 2686 magnum

1084 2705 1117 2753 4
