<?xml version="1.0" encoding="UTF-8"?>
<!DOCTYPE html PUBLIC "-//W3C//DTD XHTML 1.0 Transitional//EN"
    "http://www.w3.org/TR/xhtml1/DTD/xhtml1-transitional.dtd">
<html xmlns="http://www.w3.org/1999/xhtml" xml:lang="en" lang="en">
 <head>
  <title>
</title>
<meta http-equiv="Content-Type" content="text/html;charset=utf-8" />
  <meta name='ocr-system' content='tesseract 3.04.00' />
  <meta name='ocr-capabilities' content='ocr_page ocr_carea ocr_par ocr_line ocrx_word'/>
</head>
<body>
  <div class='ocr_page' id='page_1' title='image "./ibycirheginicarm00schnuoft_0169.png"; bbox 0 0 1677 3059; ppageno 0'>
   <div class='ocr_carea' id='block_1_1' title="bbox 551 193 992 240">
    <p class='ocr_par' dir='ltr' id='par_1_1' title="bbox 551 193 992 240">
     <span class='ocr_line' id='line_1_1' title="bbox 551 193 992 240; baseline 0 -1"><span class='ocrx_word' id='word_1_1' title='bbox 551 220 618 228; x_wconf 89' lang='lat'><em>—-</em></span> <span class='ocrx_word' id='word_1_2' title='bbox 726 193 818 240; x_wconf 87' lang='grc'><em>139</em></span> <span class='ocrx_word' id='word_1_3' title='bbox 926 220 992 228; x_wconf 93' lang='lat'><em>-—</em></span> 
     </span>
    </p>
   </div>
   <div class='ocr_carea' id='block_1_2' title="bbox 122 329 1426 461">
    <p class='ocr_par' dir='ltr' id='par_1_2' title="bbox 122 329 1426 461">
     <span class='ocr_line' id='line_1_2' title="bbox 122 329 1426 396; baseline 0.002 -21"><span class='ocrx_word' id='word_1_4' title='bbox 122 329 343 377; x_wconf 83' lang='lat' dir='ltr'><strong>Pithoeus.</strong></span> <span class='ocrx_word' id='word_1_5' title='bbox 413 330 539 394; x_wconf 85' lang='lat' dir='ltr'><strong>Quae</strong></span> <span class='ocrx_word' id='word_1_6' title='bbox 571 332 657 379; x_wconf 89' lang='lat' dir='ltr'><em>huc</em></span> <span class='ocrx_word' id='word_1_7' title='bbox 684 330 879 378; x_wconf 87' lang='lat' dir='ltr'>alludant</span> <span class='ocrx_word' id='word_1_8' title='bbox 907 330 1071 378; x_wconf 84' lang='lat' dir='ltr'><em>relicua</em></span> <span class='ocrx_word' id='word_1_9' title='bbox 1101 329 1187 379; x_wconf 86' lang='lat' dir='ltr'><em>vid.</em></span> <span class='ocrx_word' id='word_1_10' title='bbox 1218 347 1285 396; x_wconf 88' lang='lat' dir='ltr'><em>ap.</em></span> <span class='ocrx_word' id='word_1_11' title='bbox 1316 331 1426 379; x_wconf 87' lang='lat' dir='ltr'><em>Por-</em></span> 
     </span>
     <span class='ocr_line' id='line_1_3' title="bbox 124 410 710 461; baseline 0.003 -5"><span class='ocrx_word' id='word_1_12' title='bbox 124 427 218 456; x_wconf 90' lang='lat' dir='ltr'><em>son.</em></span> <span class='ocrx_word' id='word_1_13' title='bbox 253 410 357 458; x_wconf 90' lang='lat' dir='ltr'><em>Eur.</em></span> <span class='ocrx_word' id='word_1_14' title='bbox 394 412 538 461; x_wconf 87' lang='lat' dir='ltr'><em>Orest.</em></span> <span class='ocrx_word' id='word_1_15' title='bbox 574 412 710 461; x_wconf 83' lang='lat'><strong>1287.</strong></span> 
     </span>
    </p>
   </div>
   <div class='ocr_carea' id='block_1_3' title="bbox 571 558 980 622">
    <p class='ocr_par' dir='ltr' id='par_1_3' title="bbox 571 558 980 622">
     <span class='ocr_line' id='line_1_4' title="bbox 571 558 980 622; baseline 0.002 -17"><span class='ocrx_word' id='word_1_16' title='bbox 571 558 607 605; x_wconf 93' lang='lat' dir='ltr'><strong>F</strong></span> <span class='ocrx_word' id='word_1_17' title='bbox 620 577 644 605; x_wconf 92' lang='lat' dir='ltr'><em>r</em></span> <span class='ocrx_word' id='word_1_18' title='bbox 656 577 679 605; x_wconf 94' lang='lat' dir='ltr'><em>a</em></span> <span class='ocrx_word' id='word_1_19' title='bbox 695 577 724 622; x_wconf 85' lang='lat' dir='ltr'>g</span> <span class='ocrx_word' id='word_1_20' title='bbox 741 576 796 605; x_wconf 88' lang='lat' dir='ltr'><em>m.</em></span> <span class='ocrx_word' id='word_1_21' title='bbox 844 559 980 606; x_wconf 89' lang='lat' dir='ltr'>XVII.</span> 
     </span>
    </p>
   </div>
   <div class='ocr_carea' id='block_1_4' title="bbox 127 652 1457 2489">
    <p class='ocr_par' dir='ltr' id='par_1_4' title="bbox 257 652 1182 720">
     <span class='ocr_line' id='line_1_5' title="bbox 257 652 1182 720; baseline 0.003 -20"><span class='ocrx_word' id='word_1_22' title='bbox 257 652 458 702; x_wconf 89' lang='lat' dir='ltr'><em>Diomed.</em></span> <span class='ocrx_word' id='word_1_23' title='bbox 494 653 686 702; x_wconf 89' lang='lat' dir='ltr'><em>Gramm.</em></span> <span class='ocrx_word' id='word_1_24' title='bbox 717 655 752 712; x_wconf 91' lang='lat' dir='ltr'><em>I,</em></span> <span class='ocrx_word' id='word_1_25' title='bbox 785 673 828 720; x_wconf 92' lang='lat' dir='ltr'><em>p.</em></span> <span class='ocrx_word' id='word_1_26' title='bbox 862 657 969 702; x_wconf 84' lang='lat'><strong>307.</strong></span> <span class='ocrx_word' id='word_1_27' title='bbox 1005 655 1182 703; x_wconf 84' lang='lat' dir='ltr'><em>Putscb.</em></span> 
     </span>
    </p>

    <p class='ocr_par' dir='ltr' id='par_1_5' title="bbox 127 735 1435 1039">
     <span class='ocr_line' id='line_1_6' title="bbox 258 735 1432 801; baseline -0.001 -21"><span class='ocrx_word' id='word_1_28' title='bbox 258 736 376 781; x_wconf 80' lang='lat' dir='ltr'><em>»Est</em></span> <span class='ocrx_word' id='word_1_29' title='bbox 412 735 574 797; x_wconf 74' lang='lat' dir='ltr'><em>Ulyssi</em></span> <span class='ocrx_word' id='word_1_30' title='bbox 596 753 827 797; x_wconf 73' lang='lat' dir='ltr'><em>agnomen</em></span> <span class='ocrx_word' id='word_1_31' title='bbox 853 735 1077 798; x_wconf 73' lang='lat' dir='ltr'><em>pot&#39;yllas.</em></span> <span class='ocrx_word' id='word_1_32' title='bbox 1143 738 1271 784; x_wconf 78' lang='lat' dir='ltr'><em>Nam</em></span> <span class='ocrx_word' id='word_1_33' title='bbox 1291 754 1432 801; x_wconf 79' lang='lat' dir='ltr'><em>prae-</em></span> 
     </span>
     <span class='ocr_line' id='line_1_7' title="bbox 128 816 1433 878; baseline 0.005 -21"><span class='ocrx_word' id='word_1_34' title='bbox 128 830 294 859; x_wconf 85' lang='lat' dir='ltr'><em>nomen</em></span> <span class='ocrx_word' id='word_1_35' title='bbox 338 823 426 871; x_wconf 81' lang='lat' dir='ltr'><em>est,</em></span> <span class='ocrx_word' id='word_1_36' title='bbox 481 825 534 863; x_wconf 83' lang='lat' dir='ltr'><em>ut</em></span> <span class='ocrx_word' id='word_1_37' title='bbox 575 818 645 862; x_wconf 76' lang='lat' dir='ltr'><em>ait</em></span> <span class='ocrx_word' id='word_1_38' title='bbox 685 816 935 878; x_wconf 76' lang='lat' dir='ltr'><em>Ibycus,</em></span> <span class='ocrx_word' id='word_1_39' title='bbox 1000 816 1214 878; x_wconf 78' lang='lat' dir='ltr'><em>Ulysses,</em></span> <span class='ocrx_word' id='word_1_40' title='bbox 1267 836 1433 863; x_wconf 88' lang='lat' dir='ltr'><em>nomen</em></span> 
     </span>
     <span class='ocr_line' id='line_1_8' title="bbox 129 893 1435 958; baseline 0.004 -19"><span class='ocrx_word' id='word_1_41' title='bbox 129 893 419 951; x_wconf 80' lang='lat' dir='ltr'><em>Arcisiades,</em></span> <span class='ocrx_word' id='word_1_42' title='bbox 454 913 706 958; x_wconf 74' lang='lat' dir='ltr'><em>cognomen</em></span> <span class='ocrx_word' id='word_1_43' title='bbox 742 896 988 958; x_wconf 77' lang='lat' dir='ltr'><em>Odysseus.</em></span> <span class='ocrx_word' id='word_1_44' title='bbox 1058 898 1121 942; x_wconf 80' lang='lat' dir='ltr'><em>Et</em></span> <span class='ocrx_word' id='word_1_45' title='bbox 1154 895 1435 944; x_wconf 78' lang='lat' dir='ltr'><em>ordinantur</em></span> 
     </span>
     <span class='ocr_line' id='line_1_9' title="bbox 127 974 1306 1039; baseline 0.003 -19"><span class='ocrx_word' id='word_1_46' title='bbox 127 974 218 1020; x_wconf 81' lang='lat' dir='ltr'><em>sic:</em></span> <span class='ocrx_word' id='word_1_47' title='bbox 263 974 450 1037; x_wconf 79' lang='lat' dir='ltr'><em>Ulysses</em></span> <span class='ocrx_word' id='word_1_48' title='bbox 481 975 745 1024; x_wconf 78' lang='lat' dir='ltr'><em>Arcz‘siades</em></span> <span class='ocrx_word' id='word_1_49' title='bbox 780 975 1015 1038; x_wconf 76' lang='lat' dir='ltr'><em>Odysseus</em></span> <span class='ocrx_word' id='word_1_50' title='bbox 1044 976 1306 1039; x_wconf 81' lang='lat' dir='ltr'><em>polytlas.«</em></span> 
     </span>
    </p>

    <p class='ocr_par' dir='ltr' id='par_1_6' title="bbox 130 1053 1452 2313">
     <span class='ocr_line' id='line_1_10' title="bbox 253 1053 1435 1124; baseline 0.004 -24"><span class='ocrx_word' id='word_1_51' title='bbox 253 1053 319 1100; x_wconf 76' lang='lat' dir='ltr'><em>Ita</em></span> <span class='ocrx_word' id='word_1_52' title='bbox 349 1055 455 1102; x_wconf 88' lang='lat' dir='ltr'><em>haec</em></span> <span class='ocrx_word' id='word_1_53' title='bbox 489 1055 694 1118; x_wconf 83' lang='lat' dir='ltr'><em>leguntur</em></span> <span class='ocrx_word' id='word_1_54' title='bbox 725 1056 843 1120; x_wconf 86' lang='lat' dir='ltr'><em>apud</em></span> <span class='ocrx_word' id='word_1_55' title='bbox 866 1055 1147 1114; x_wconf 82' lang='lat' dir='ltr'><em>Putschium,</em></span> <span class='ocrx_word' id='word_1_56' title='bbox 1184 1069 1282 1105; x_wconf 82' lang='lat' dir='ltr'><em>ante</em></span> <span class='ocrx_word' id='word_1_57' title='bbox 1306 1077 1435 1124; x_wconf 89' lang='lat' dir='ltr'><em>quem</em></span> 
     </span>
     <span class='ocr_line' id='line_1_11' title="bbox 130 1134 1434 1192; baseline 0.003 -12"><span class='ocrx_word' id='word_1_58' title='bbox 130 1134 302 1181; x_wconf 84' lang='lat' dir='ltr'><em>luxatus</em></span> <span class='ocrx_word' id='word_1_59' title='bbox 327 1134 448 1182; x_wconf 89' lang='lat' dir='ltr'><em>loeus</em></span> <span class='ocrx_word' id='word_1_60' title='bbox 468 1135 879 1192; x_wconf 68' lang='lat' dir='ltr'><em>circumferebatur;</em></span> <span class='ocrx_word' id='word_1_61' title='bbox 915 1154 1015 1182; x_wconf 90' lang='lat' dir='ltr'><em>nam</em></span> <span class='ocrx_word' id='word_1_62' title='bbox 1039 1136 1136 1183; x_wconf 82' lang='lat' dir='ltr'><em>edd.</em></span> <span class='ocrx_word' id='word_1_63' title='bbox 1162 1139 1270 1184; x_wconf 87' lang='lat' dir='ltr'><em>Ven.</em></span> <span class='ocrx_word' id='word_1_64' title='bbox 1297 1139 1434 1188; x_wconf 74' lang='grc'><strong>1495.</strong></span> 
     </span>
     <span class='ocr_line' id='line_1_12' title="bbox 135 1216 1437 1281; baseline 0 -17"><span class='ocrx_word' id='word_1_65' title='bbox 135 1216 272 1265; x_wconf 84' lang='grc'>1508.</span> <span class='ocrx_word' id='word_1_66' title='bbox 291 1216 499 1281; x_wconf 69' lang='lat' dir='ltr'><em>polidus,</em></span> <span class='ocrx_word' id='word_1_67' title='bbox 533 1217 693 1272; x_wconf 76' lang='lat' dir='ltr'><em>ibicus,</em></span> <span class='ocrx_word' id='word_1_68' title='bbox 723 1216 1000 1272; x_wconf 43' lang='lat' dir='ltr'><em>accis-index</em></span> <span class='ocrx_word' id='word_1_69' title='bbox 1032 1235 1285 1280; x_wconf 75' lang='lat' dir='ltr'><em>cognomen</em></span> <span class='ocrx_word' id='word_1_70' title='bbox 1310 1219 1437 1264; x_wconf 87' lang='lat' dir='ltr'><em>omit-</em></span> 
     </span>
     <span class='ocr_line' id='line_1_13' title="bbox 132 1296 1436 1355; baseline 0.001 -12"><span class='ocrx_word' id='word_1_71' title='bbox 132 1307 250 1355; x_wconf 81' lang='lat' dir='ltr'><em>tunt3</em></span> <span class='ocrx_word' id='word_1_72' title='bbox 295 1308 389 1344; x_wconf 81' lang='lat' dir='ltr'><em>tum</em></span> <span class='ocrx_word' id='word_1_73' title='bbox 422 1296 654 1354; x_wconf 79' lang='lat' dir='ltr'><em>odz&#39;secus,</em></span> <span class='ocrx_word' id='word_1_74' title='bbox 688 1296 961 1353; x_wconf 70' lang='lat' dir='ltr'><em>ordinatur,</em></span> <span class='ocrx_word' id='word_1_75' title='bbox 1016 1300 1171 1353; x_wconf 55' lang='lat' dir='ltr'><em>accis„</em></span> <span class='ocrx_word' id='word_1_76' title='bbox 1219 1298 1436 1346; x_wconf 72' lang='lat' dir='ltr'><em>odisecus.</em></span> 
     </span>
     <span class='ocr_line' id='line_1_14' title="bbox 133 1377 1440 1442; baseline 0.003 -19"><span class='ocrx_word' id='word_1_77' title='bbox 133 1379 379 1439; x_wconf 80' lang='lat' dir='ltr'><em>Agnomen</em></span> <span class='ocrx_word' id='word_1_78' title='bbox 407 1377 612 1442; x_wconf 77' lang='lat' dir='ltr'><em>polidus.</em></span> <span class='ocrx_word' id='word_1_79' title='bbox 706 1377 815 1424; x_wconf 90' lang='lat' dir='ltr'><em>Cum</em></span> <span class='ocrx_word' id='word_1_80' title='bbox 852 1377 1062 1425; x_wconf 82' lang='lat' dir='ltr'><em>Putschio</em></span> <span class='ocrx_word' id='word_1_81' title='bbox 1098 1381 1311 1426; x_wconf 77' lang='lat' dir='ltr'>consentit</span> <span class='ocrx_word' id='word_1_82' title='bbox 1348 1380 1440 1428; x_wconf 83' lang='lat' dir='ltr'><em>fere</em></span> 
     </span>
     <span class='ocr_line' id='line_1_15' title="bbox 133 1457 1440 1525; baseline 0.005 -23"><span class='ocrx_word' id='word_1_83' title='bbox 133 1474 286 1520; x_wconf 83' lang='lat' dir='ltr'><em>margo</em></span> <span class='ocrx_word' id='word_1_84' title='bbox 324 1457 738 1521; x_wconf 77' lang='lat' dir='ltr'><em>Gottingensis‚34)</em></span> <span class='ocrx_word' id='word_1_85' title='bbox 775 1469 818 1505; x_wconf 87' lang='lat' dir='ltr'><em>at</em></span> <span class='ocrx_word' id='word_1_86' title='bbox 852 1458 1010 1505; x_wconf 66' lang='lat' dir='ltr'><em>Olalm&#39;s</em></span> <span class='ocrx_word' id='word_1_87' title='bbox 1045 1468 1086 1503; x_wconf 86' lang='lat' dir='ltr'><em>et</em></span> <span class='ocrx_word' id='word_1_88' title='bbox 1120 1458 1282 1506; x_wconf 56' lang='lat' dir='ltr'><em>olla-es</em></span> <span class='ocrx_word' id='word_1_89' title='bbox 1313 1479 1440 1525; x_wconf 88' lang='lat' dir='ltr'><em>prae-</em></span> 
     </span>
     <span class='ocr_line' id='line_1_16' title="bbox 136 1536 1440 1604; baseline 0.005 -22"><span class='ocrx_word' id='word_1_90' title='bbox 136 1537 212 1583; x_wconf 88' lang='lat' dir='ltr'><em>bet</em></span> <span class='ocrx_word' id='word_1_91' title='bbox 241 1536 303 1583; x_wconf 79' lang='lat' dir='ltr'><em>nti</em></span> <span class='ocrx_word' id='word_1_92' title='bbox 334 1537 434 1584; x_wconf 88' lang='lat' dir='ltr'><em>edd.</em></span> <span class='ocrx_word' id='word_1_93' title='bbox 464 1541 656 1586; x_wconf 84' lang='lat' dir='ltr'><em>Venetae</em></span> <span class='ocrx_word' id='word_1_94' title='bbox 696 1539 853 1586; x_wconf 70' lang='lat' dir='ltr'><em>Ulixis</em></span> <span class='ocrx_word' id='word_1_95' title='bbox 882 1549 923 1585; x_wconf 88' lang='lat' dir='ltr'><em>ct</em></span> <span class='ocrx_word' id='word_1_96' title='bbox 951 1539 1138 1594; x_wconf 66' lang='lat' dir='ltr'><em>Ulixes,</em></span> <span class='ocrx_word' id='word_1_97' title='bbox 1174 1540 1321 1604; x_wconf 86' lang='lat' dir='ltr'><em>priore</em></span> <span class='ocrx_word' id='word_1_98' title='bbox 1344 1541 1440 1588; x_wconf 72' lang='lat' dir='ltr'><em>loco</em></span> 
     </span>
     <span class='ocr_line' id='line_1_17' title="bbox 137 1615 1444 1675; baseline 0.002 -10"><span class='ocrx_word' id='word_1_99' title='bbox 137 1615 427 1675; x_wconf 80' lang='lat' dir='ltr'><em>Act-isiades,</em></span> <span class='ocrx_word' id='word_1_100' title='bbox 472 1618 697 1666; x_wconf 79' lang='lat' dir='ltr'><em>emendate</em></span> <span class='ocrx_word' id='word_1_101' title='bbox 732 1618 868 1666; x_wconf 90' lang='lat' dir='ltr'><em>altero</em></span> <span class='ocrx_word' id='word_1_102' title='bbox 901 1620 1074 1675; x_wconf 59' lang='lat' dir='ltr'><em>Arois„</em></span> <span class='ocrx_word' id='word_1_103' title='bbox 1118 1618 1163 1665; x_wconf 87' lang='lat' dir='ltr'><em>in</em></span> <span class='ocrx_word' id='word_1_104' title='bbox 1199 1618 1283 1666; x_wconf 86' lang='lat' dir='ltr'><em>fine</em></span> <span class='ocrx_word' id='word_1_105' title='bbox 1319 1621 1444 1668; x_wconf 88' lang='lat' dir='ltr'><em>‹leni-</em></span> 
     </span>
     <span class='ocr_line' id='line_1_18' title="bbox 139 1697 1445 1762; baseline 0.005 -19"><span class='ocrx_word' id='word_1_106' title='bbox 139 1715 224 1762; x_wconf 93' lang='lat' dir='ltr'><em>que</em></span> <span class='ocrx_word' id='word_1_107' title='bbox 250 1697 461 1762; x_wconf 80' lang='lat' dir='ltr'><em>politlas.</em></span> <span class='ocrx_word' id='word_1_108' title='bbox 539 1698 681 1746; x_wconf 88' lang='lat' dir='ltr'><em>Docet</em></span> <span class='ocrx_word' id='word_1_109' title='bbox 712 1700 848 1762; x_wconf 85' lang='lat' dir='ltr'><em>igitur</em></span> <span class='ocrx_word' id='word_1_110' title='bbox 888 1699 958 1745; x_wconf 89' lang='lat' dir='ltr'><em>hic</em></span> <span class='ocrx_word' id='word_1_111' title='bbox 993 1698 1287 1747; x_wconf 85' lang='lat' dir='ltr'><em>memorabilis</em></span> <span class='ocrx_word' id='word_1_112' title='bbox 1323 1701 1445 1749; x_wconf 89' lang='lat' dir='ltr'><em>locus</em></span> 
     </span>
     <span class='ocr_line' id='line_1_19' title="bbox 138 1777 1447 1846; baseline 0.003 -21"><span class='ocrx_word' id='word_1_113' title='bbox 138 1778 368 1826; x_wconf 89' lang='lat' dir='ltr'><em>Diomedis</em></span> <span class='ocrx_word' id='word_1_114' title='bbox 419 1777 606 1843; x_wconf 83' lang='lat' dir='ltr'><strong>Ibycum</strong></span> <span class='ocrx_word' id='word_1_115' title='bbox 653 1779 831 1828; x_wconf 86' lang='lat' dir='ltr'>heroem</span> <span class='ocrx_word' id='word_1_116' title='bbox 878 1779 1151 1828; x_wconf 84' lang='lat' dir='ltr'><em>Ithacensem</em></span> <span class='ocrx_word' id='word_1_117' title='bbox 1205 1780 1447 1846; x_wconf 82' lang='lat' dir='ltr'><strong>appellasse</strong></span> 
     </span>
     <span class='ocr_line' id='line_1_20' title="bbox 143 1859 1448 1927; baseline 0.002 -20"><span class='ocrx_word' id='word_1_118' title='bbox 143 1862 369 1925; x_wconf 71' lang='grc' dir='ltr'><em>Οὐλίξην,</em></span> <span class='ocrx_word' id='word_1_119' title='bbox 401 1889 463 1898; x_wconf 89' lang='grc'><em>--</em></span> <span class='ocrx_word' id='word_1_120' title='bbox 508 1878 610 1907; x_wconf 90' lang='lat' dir='ltr'><em>nam</em></span> <span class='ocrx_word' id='word_1_121' title='bbox 647 1879 697 1907; x_wconf 85' lang='lat' dir='ltr'><em>eo</em></span> <span class='ocrx_word' id='word_1_122' title='bbox 736 1872 776 1908; x_wconf 90' lang='lat' dir='ltr'><em>et</em></span> <span class='ocrx_word' id='word_1_123' title='bbox 811 1861 1053 1925; x_wconf 80' lang='lat' dir='ltr'>scripturae</span> <span class='ocrx_word' id='word_1_124' title='bbox 1095 1859 1308 1908; x_wconf 85' lang='lat' dir='ltr'><em>librorum</em></span> <span class='ocrx_word' id='word_1_125' title='bbox 1348 1880 1448 1927; x_wconf 86' lang='lat' dir='ltr'><em>spe-</em></span> 
     </span>
     <span class='ocr_line' id='line_1_21' title="bbox 143 1941 1451 2007; baseline 0.005 -23"><span class='ocrx_word' id='word_1_126' title='bbox 143 1949 260 1985; x_wconf 86' lang='lat' dir='ltr'><em>ctant</em></span> <span class='ocrx_word' id='word_1_127' title='bbox 305 1950 346 1986; x_wconf 87' lang='lat' dir='ltr'><em>et</em></span> <span class='ocrx_word' id='word_1_128' title='bbox 381 1957 493 2005; x_wconf 92' lang='lat' dir='ltr'><em>quae</em></span> <span class='ocrx_word' id='word_1_129' title='bbox 539 1941 654 1988; x_wconf 85' lang='lat' dir='ltr'><em>infra</em></span> <span class='ocrx_word' id='word_1_130' title='bbox 705 1958 971 2007; x_wconf 82' lang='lat' dir='ltr'><em>exponemus</em></span> <span class='ocrx_word' id='word_1_131' title='bbox 1008 1969 1095 1997; x_wconf 90' lang='lat'><em>—,</em></span> <span class='ocrx_word' id='word_1_132' title='bbox 1149 1945 1451 2004; x_wconf 72' lang='grc' dir='ltr'><em>Ἀρκεισιάδην</em></span> 
     </span>
     <span class='ocr_line' id='line_1_22' title="bbox 143 2013 1449 2086; baseline 0.005 -19"><span class='ocrx_word' id='word_1_133' title='bbox 143 2013 363 2067; x_wconf 64' lang='grc' dir='ltr'><em>&gt;Οδυσσείκ.</em></span> <span class='ocrx_word' id='word_1_134' title='bbox 443 2020 580 2084; x_wconf 86' lang='lat' dir='ltr'><em>Quod</em></span> <span class='ocrx_word' id='word_1_135' title='bbox 615 2039 832 2084; x_wconf 82' lang='lat' dir='ltr'><em>agnomen</em></span> <span class='ocrx_word' id='word_1_136' title='bbox 874 2021 1020 2068; x_wconf 84' lang='lat' dir='ltr'><em>herois</em></span> <span class='ocrx_word' id='word_1_137' title='bbox 1057 2022 1181 2086; x_wconf 90' lang='lat' dir='ltr'><em>ponit</em></span> <span class='ocrx_word' id='word_1_138' title='bbox 1219 2022 1449 2073; x_wconf 89' lang='lat' dir='ltr'><em>Gramma-</em></span> 
     </span>
     <span class='ocr_line' id='line_1_23' title="bbox 145 2098 1451 2166; baseline 0.008 -22"><span class='ocrx_word' id='word_1_139' title='bbox 145 2098 282 2157; x_wconf 85' lang='lat' dir='ltr'><em>ticus,</em></span> <span class='ocrx_word' id='word_1_140' title='bbox 328 2119 379 2148; x_wconf 86' lang='lat' dir='ltr'><em>ex</em></span> <span class='ocrx_word' id='word_1_141' title='bbox 415 2102 607 2149; x_wconf 84' lang='lat' dir='ltr'><em>Homero</em></span> <span class='ocrx_word' id='word_1_142' title='bbox 643 2101 891 2166; x_wconf 82' lang='lat' dir='ltr'>assumpsit.</span> <span class='ocrx_word' id='word_1_143' title='bbox 973 2101 1128 2148; x_wconf 85' lang='lat' dir='ltr'><em>Eidem</em></span> <span class='ocrx_word' id='word_1_144' title='bbox 1164 2103 1370 2153; x_wconf 85' lang='lat' dir='ltr'><em>Diomedi</em></span> <span class='ocrx_word' id='word_1_145' title='bbox 1405 2107 1451 2155; x_wconf 91' lang='lat' dir='ltr'><em>in</em></span> 
     </span>
     <span class='ocr_line' id='line_1_24' title="bbox 147 2181 1452 2247; baseline 0.006 -22"><span class='ocrx_word' id='word_1_146' title='bbox 147 2189 297 2242; x_wconf 86' lang='lat' dir='ltr'><em>aperto</em></span> <span class='ocrx_word' id='word_1_147' title='bbox 333 2191 397 2227; x_wconf 85' lang='lat' dir='ltr'><em>est</em></span> <span class='ocrx_word' id='word_1_148' title='bbox 433 2181 584 2228; x_wconf 87' lang='lat' dir='ltr'><em>deberi</em></span> <span class='ocrx_word' id='word_1_149' title='bbox 624 2181 949 2228; x_wconf 73' lang='lat' dir='ltr'><em>distinctionem</em></span> <span class='ocrx_word' id='word_1_150' title='bbox 985 2182 1326 2247; x_wconf 82' lang='lat' dir='ltr'><em>appellationum</em></span> <span class='ocrx_word' id='word_1_151' title='bbox 1361 2187 1452 2233; x_wconf 85' lang='lat' dir='ltr'><em>Ro-</em></span> 
     </span>
     <span class='ocr_line' id='line_1_25' title="bbox 146 2262 1419 2313; baseline 0.005 -8"><span class='ocrx_word' id='word_1_152' title='bbox 146 2276 276 2305; x_wconf 87' lang='lat' dir='ltr'><em>mana</em></span> <span class='ocrx_word' id='word_1_153' title='bbox 310 2278 464 2307; x_wconf 87' lang='lat' dir='ltr'><em>norma</em></span> <span class='ocrx_word' id='word_1_154' title='bbox 495 2262 747 2308; x_wconf 85' lang='lat' dir='ltr'><em>institutam.</em></span> <span class='ocrx_word' id='word_1_155' title='bbox 815 2263 905 2308; x_wconf 85' lang='lat' dir='ltr'><em>Nos</em></span> <span class='ocrx_word' id='word_1_156' title='bbox 937 2263 1150 2310; x_wconf 87' lang='lat' dir='ltr'><em>rationem</em></span> <span class='ocrx_word' id='word_1_157' title='bbox 1183 2264 1419 2313; x_wconf 81' lang='lat' dir='ltr'><em>videamus.</em></span> 
     </span>
    </p>

    <p class='ocr_par' dir='ltr' id='par_1_7' title="bbox 150 2338 1457 2489">
     <span class='ocr_line' id='line_1_26' title="bbox 273 2338 1456 2407; baseline 0.006 -21"><span class='ocrx_word' id='word_1_158' title='bbox 273 2338 645 2389; x_wconf 85' lang='lat' dir='ltr'><em>Condocefaciunt</em></span> <span class='ocrx_word' id='word_1_159' title='bbox 667 2341 892 2407; x_wconf 88' lang='lat' dir='ltr'><em>complura</em></span> <span class='ocrx_word' id='word_1_160' title='bbox 922 2342 1139 2407; x_wconf 80' lang='lat' dir='ltr'><em>exempla,</em></span> <span class='ocrx_word' id='word_1_161' title='bbox 1175 2346 1353 2392; x_wconf 84' lang='lat' dir='ltr'><em>nomina</em></span> <span class='ocrx_word' id='word_1_162' title='bbox 1380 2346 1456 2394; x_wconf 90' lang='lat' dir='ltr'><em>he-</em></span> 
     </span>
     <span class='ocr_line' id='line_1_27' title="bbox 150 2422 1457 2489; baseline 0.006 -23"><span class='ocrx_word' id='word_1_163' title='bbox 150 2437 278 2466; x_wconf 88' lang='lat' dir='ltr'><em>roum</em></span> <span class='ocrx_word' id='word_1_164' title='bbox 322 2439 474 2467; x_wconf 87' lang='lat' dir='ltr'><em>eorum</em></span> <span class='ocrx_word' id='word_1_165' title='bbox 508 2422 783 2485; x_wconf 86' lang='lat' dir='ltr'><em>potissimum</em></span> <span class='ocrx_word' id='word_1_166' title='bbox 830 2423 907 2489; x_wconf 86' lang='lat' dir='ltr'><em>qui</em></span> <span class='ocrx_word' id='word_1_167' title='bbox 945 2423 1213 2471; x_wconf 88' lang='lat' dir='ltr'><em>carminibus</em></span> <span class='ocrx_word' id='word_1_168' title='bbox 1253 2425 1457 2474; x_wconf 82' lang='lat' dir='ltr'><em>celebrati</em></span> 
     </span>
    </p>
   </div>
   <div class='ocr_carea' id='block_1_5' title="bbox 330 2537 505 2542">
    <p class='ocr_par' dir='ltr' id='par_1_8' title="bbox 330 2537 505 2542">
     <span class='ocr_line' id='line_1_28' title="bbox 330 2537 505 2542; baseline 0 0"><span class='ocrx_word' id='word_1_169' title='bbox 330 2537 505 2542; x_wconf 95' lang='lat' dir='ltr'><em> </em></span> 
     </span>
    </p>
   </div>
   <div class='ocr_carea' id='block_1_6' title="bbox 203 2589 1014 2643">
    <p class='ocr_par' dir='ltr' id='par_1_9' title="bbox 203 2589 1014 2643">
     <span class='ocr_line' id='line_1_29' title="bbox 203 2589 1014 2643; baseline 0.007 -19"><span class='ocrx_word' id='word_1_170' title='bbox 203 2589 276 2643; x_wconf 75' lang='lat'><em>34)</em></span> <span class='ocrx_word' id='word_1_171' title='bbox 304 2593 362 2627; x_wconf 88' lang='lat' dir='ltr'><em>De</em></span> <span class='ocrx_word' id='word_1_172' title='bbox 396 2606 467 2640; x_wconf 85' lang='lat' dir='ltr'><em>quo</em></span> <span class='ocrx_word' id='word_1_173' title='bbox 495 2592 611 2626; x_wconf 77' lang='lat' dir='ltr'><em>statim</em></span> <span class='ocrx_word' id='word_1_174' title='bbox 641 2593 778 2628; x_wconf 72' lang='lat' dir='ltr'><em>dicetur</em></span> <span class='ocrx_word' id='word_1_175' title='bbox 808 2594 968 2630; x_wconf 77' lang='lat' dir='ltr'><em>Excursu</em></span> <span class='ocrx_word' id='word_1_176' title='bbox 987 2596 1014 2630; x_wconf 89' lang='grc' dir='ltr'><em>Ι.</em></span> 
     </span>
    </p>
   </div>
  </div>
 </body>
</html>
