1677 3059
489 221 554 228 —
647 204 765 239 XXIII
865 219 930 227 —

54 343 101 388 p.
130 323 404 377 401-10,
440 339 560 386 quae
594 327 660 366 est
693 318 747 364 do
785 317 970 380 gruibus
1007 318 1142 385 Ibyci.
1225 322 1366 387 Cujus

62 399 391 464 disputationis
424 415 660 444 summam
702 415 805 441 cam
842 398 950 443 ciris
985 396 1129 443 doctis
1163 416 1366 446 commu-

63 479 219 524 nicare
249 475 399 540 officii
427 475 578 522 nostri
597 475 698 519 rati
725 492 897 520 sumus.
981 478 1114 535 Quae
1147 494 1198 521 eo
1231 477 1366 533 redit,

64 563 116 600 ut
149 551 345 600 fabulam
378 550 668 616 antiquiorem
702 561 830 614 atque
861 550 1064 616 populari
1092 552 1207 599 sama
1238 554 1367 601 nobi-

63 629 229 677 litatam
247 630 292 676 in
315 628 502 694 Ibycum
525 626 777 674 translatam
802 627 977 691 judicet.
1046 631 1108 676 Et
1132 629 1369 678 theatrum

66 708 255 772 quidem
278 706 380 753 ideo
401 707 668 761 memorari,
701 707 925 769 quoniam
951 704 1369 773 citlzaroeclasflze-

66 787 128 831 rit
157 785 351 848 Ibycus:
383 782 655 846 opulentam
679 779 955 827 Corinthum
982 782 1201 829 alletia-se
1234 796 1370 842 cates,

66 881 213 927 quam
256 862 406 908 Arion
451 862 591 906 etiam
630 861 865 924 petiverit:
913 859 969 905 de
994 862 1160 923 patria
1190 872 1371 924 poetae,

66 940 170 986 licet
189 936 434 1002 sepulchro
469 939 617 1000 ipsius
645 938 845 999 insigni,
881 955 973 982 non
988 955 1124 1000 posse
1145 941 1372 1000 cogitari,-

65 1036 178 1063 nam
214 1019 264 1062 in
297 1017 459 1061 itinere
492 1014 705 1060 incidisse
735 1016 784 1060 in
819 1014 1035 1059 latrones.
1103 1016 1251 1061 Grues
1287 1034 1372 1062 (tu-

65 1104 157 1139 tem
192 1092 326 1158 quod
348 1093 490 1154 Ibyco
519 1093 818 1154 potissimum
854 1090 1156 1154 affluxerint,
1192 1094 1295 1139 licet
1318 1095 1374 1140 (le

68 1173 314 1234 intercepto
330 1178 474 1233 poeta
509 1168 819 1232 nillilsuisset
845 1168 1097 1213 memoriae
1112 1169 1372 1231 proditmn,

68 1266 284 1294 caussam
319 1248 368 1292 in
405 1265 455 1291 eo
487 1247 720 1308 positam,
765 1245 898 1310 quod
928 1254 1050 1291 cates
1089 1245 1374 1311 longinquas

65 1325 464 1388 peregrinationes
506 1324 778 1386 susceperit,
830 1324 918 1387 qui
947 1320 1158 1368 homines
1190 1322 1375 1370 divilias

70 1411 360 1465 comportare
379 1400 512 1446 soliti
532 1401 750 1461 inprimis
774 1400 1012 1446 latronum
1032 1399 1212 1461 gladiis·
1240 1404 1380 1464 petili

70 1481 177 1534 sint,
202 1478 323 1525 velut
343 1479 507 1531 Arion,
531 1475 817 1522 Stesichorus
840 1475 1150 1532 citharoedas,
1173 1477 1375 1540 Aeschy-

73 1558 147 1603 lus
168 1555 353 1602 auletes.
424 1555 663 1615 Cogitasse
686 1563 841 1599 autem
863 1563 1026 1599 veteres
1041 1562 1231 1616 poetam
1250 1553 1376 1600 Rhe-

68 1635 235 1696 ginum
268 1632 392 1677 lucri
420 1629 665 1694 cupidum,
701 1633 857 1694 patris
883 1630 1244 1694 appellationem
1271 1632 1377 1676 Cer-

73 1710 231 1757 dantis
254 1716 633 1763 commonstrare,
669 1726 870 1771 quacum
892 1707 1262 1773 conjungendum
1286 1727 1379 1755 esse

72 1786 200 1834 illud
208 1785 520 1851 proverbium,
549 1783 604 1830 de
625 1803 718 1848 quo
745 1784 918 1830 dictum
943 1785 1075 1830 nobis
1098 1793 1163 1830 est
1183 1786 1232 1829 in
1258 1788 1378 1831 Pro-

73 1865 192 1928 legg.
219 1883 267 1928 p.
292 1865 363 1910 15.
432 1861 525 1908 Sed
539 1860 660 1926 fieri
689 1870 847 1908 tamen
870 1864 939 1907 ait
960 1879 1119 1925 posse,
1160 1860 1263 1908 licet
1286 1881 1379 1908 non

73 1944 133 1989 sit
161 1941 427 1996 verisimile,
489 1948 540 1985 ut
572 1940 798 1985 exstiterit
833 1941 1045 1984 narratio
1081 1938 1137 1984 de
1168 1939 1380 2001 confosso

76 2038 107 2065 a
131 2017 394 2065 latronibus
417 2017 588 2079 Ibyco,
625 2033 825 2081 quocum
844 2016 1029 2079 fabula
1054 2015 1304 2078 popularis
1330 2035 1380 2061 eo

61 2096 265 2159 facilius
285 2094 606 2156 conglutinari
630 2095 860 2158 potuerit,
896 2092 1029 2157 quod
1049 2093 1286 2137 carissimi
1305 2111 1380 2138 ca-

71 2174 187 2236 pitis
228 2172 450 2218 ultionem
480 2171 747 2235 flagitabat
799 2168 1029 2235 quicquid
1069 2168 1239 2232 ubique
1283 2176 1385 2214 erat

78 2247 322 2295 hominum
355 2251 678 2296 venustiorum.
757 2250 919 2312 IVeque
952 2255 1109 2291 tamen
1140 2242 1232 2290 huc
1265 2246 1384 2308 refe-

78 2324 275 2371 rendam
318 2343 410 2371 esse
450 2324 810 2388 Hephaestionis
844 2324 979 2369 illam
1018 2323 1294 2367 memoriam
1329 2320 1385 2367 de

77 2422 204 2450 servo
227 2411 392 2466 poetae
414 2403 647 2448 combusto
672 2401 894 2455 Heracle,
929 2398 1164 2445 mendacis
1187 2397 1385 2444 homun-

79 2481 178 2527 culi
192 2479 490 2544 figmentom.
540 2481 775 2524 IIaclenus
805 2480 849 2523 Π
854 2475 1070 2522 ‘elcherus
1081 2495 1094 2520 .·
1128 2493 1239 2520 nam
1266 2492 1387 2539 quae

80 2557 202 2604 idem
235 2555 290 2602 de
320 2556 429 2602 aliis
461 2554 828 2600 narratiunculis
851 2555 1053 2599 aliorum
1084 2550 1386 2615 populorum,

81 2636 250 2700 quibus
294 2635 569 2696 consignata
610 2633 836 2677 sententia
869 2631 1072 2676 cernitur
1120 2626 1387 2681 consimilis,
