1677 3059
712 242 776 249 —
886 212 980 259 164
1086 244 1149 251 —-

284 357 410 414 198,
447 367 588 401 tamen
614 353 861 419 appositum
895 353 1213 407 ὀνομακλυτός
1231 354 1333 402 satis
1358 355 1490 403 fidem
1522 358 1585 404 fa-

279 439 357 495 cit,
395 448 530 483 aetate
564 447 718 500 poetae
752 432 945 494 Rhegini
974 431 1057 477 late
1092 431 1180 495 jam
1211 450 1408 498 sparsam
1443 438 1586 484 eximii

276 519 382 564 vatis
429 516 611 578 gloriam
646 512 796 559 fuisse.
855 512 1007 576 anue
1050 511 1182 557 nobis
1224 527 1466 580 propagata
1507 536 1588 583 per

276 598 575 662 Pythagoram
599 594 781 658 ejusque
804 602 1038 638 sectatores
1063 592 1248 651 videtur,
1286 596 1362 659 qui
1390 607 1584 662 tempore

275 690 428 745 poetae
461 677 507 722 in
542 674 664 722 Italia
698 673 906 720 inferiore
949 685 1197 720 versaretur
1242 675 1356 722 circa
1402 675 1578 743 Olymp.

275 761 421 817 LXII,
483 775 594 822 quae
631 767 696 802 est
739 771 908 801 summa
950 753 1169 800 rationum
1211 766 1458 820 temporum
1502 757 1584 804 rite

275 840 592 888 subductarum
635 856 658 884 a
691 838 741 883 B.
774 833 981 882 Krischio
1019 835 1073 880 de
1108 836 1279 885 sodalit.
1316 836 1501 904 Pythag.
1539 857 1582 903 p.

275 925 318 968 3.
375 922 425 966 In
461 936 609 965 errore
642 927 840 963 versatur
866 915 1038 962 Bodius
1069 915 1283 980 Orpheus
1315 935 1358 982 p.
1383 918 1473 976 85,
1509 918 1585 983 qui

275 1001 399 1066 prius
431 998 633 1045 floruisse
666 996 852 1062 Ibycum
886 1007 1046 1060 ponat,
1085 1014 1216 1059 quam
1249 996 1364 1044 ullus
1389 998 1586 1045 Onoma-

275 1082 409 1128 critus
458 1090 499 1125 et
544 1095 677 1142 quam
710 1075 993 1140 Pythagorae
1028 1094 1190 1122 nomen
1220 1075 1335 1123 inter
1379 1079 1585 1143 antiquos

277 1163 472 1208 Graecos
504 1157 778 1204 innotuisset.
865 1155 994 1203 Falsa
1024 1156 1171 1222 poesis
1205 1156 1382 1223 Ibyciae
1417 1159 1585 1223 species

274 1239 483 1287 Lobeckii
526 1238 659 1285 menti
694 1237 867 1284 videtur
899 1236 1140 1295 insedisse,
1187 1239 1263 1303 qui
1298 1238 1516 1305 Aglaoph.
1547 1240 1583 1297 I,

275 1342 316 1387 p.
352 1322 458 1369 321.
496 1320 603 1366 haec
646 1317 802 1381 Ibycia
835 1335 895 1365 ex
935 1318 1148 1383 quadam
1181 1319 1481 1368 cantc‘ancula
1514 1338 1586 1368 ex-

275 1413 422 1467 cerpta
457 1400 616 1449 credat.

705 1545 742 1593 F
758 1564 781 1593 r
797 1564 821 1593 a
839 1568 867 1613 g
884 1568 939 1595 m.
997 1547 1158 1596 XXIII.

407 1642 574 1692 Zenob.
609 1643 763 1693 Provv.
796 1644 852 1699 ΙΙ,
889 1644 964 1690 45.

371 1726 509 1785 Ἀγών
542 1726 776 1786 πρόφασιν
801 1731 890 1771 οὐκ
921 1728 1172 1776 ἐπιδέχεται
1193 1721 1298 1768 οὔτε
1319 1728 1461 1782 φιλία.
1529 1728 1584 1773 ‘O

275 1811 431 1854 Μίλων
452 1807 479 1851 o‘
510 1807 906 1866 παροιμιογράφος
925 1812 961 1852 Ἰ
965 1813 990 1869 β
1004 1807 1032 1850 ὑ
1047 1821 1204 1850 κειον
1225 1805 1311 1860 τήν
1331 1810 1584 1865 παροιμίαν

274 1889 453 1942 ταύτην
489 1891 628 1944 φησίν
658 1886 717 1934 ὦς
751 1887 935 1946 πρῶτον
961 1888 1248 1948 χρησαμένου
1283 1888 1367 1931 τοῦ
1395 1886 1581 1948 Ἰβύκου.

375 1969 618 2012 Certamen
662 1966 1083 2027 tergiversationem
1119 1983 1213 2011 non
1246 1967 1406 2029 recipit
1439 1985 1585 2032 neque

276 2047 497 2093 amicitia.

406 2124 695 2173 Proverbium
729 2123 964 2173 multorum
998 2125 1238 2172 imitatione
1260 2127 1409 2173 tritum
1438 2128 1583 2175 curin

277 2207 392 2255 ludis
428 2207 574 2254 Peliae
607 2206 752 2254 locum
785 2225 982 2254 censeam
1013 2206 1223 2253 habuisse
1246 2206 1494 2272 explicitum
1518 2219 1583 2255 est

276 2289 322 2334 in
354 2287 557 2350 Prolegg.
595 2307 637 2353 p.
667 2289 729 2336 45
754 2307 819 2353 sq.
888 2287 1110 2334 zenobius
1133 2299 1274 2334 autem
1299 2307 1387 2333 non
1414 2288 1584 2352 integra

277 2369 410 2414 verba
445 2368 571 2430 Ibyci
607 2369 825 2417 exhibuit:
860 2386 1035 2415 sensum
1072 2367 1141 2414 ille
1167 2379 1294 2433 atque
1320 2367 1583 2416 intellectum

276 2449 477 2513 respexit.
544 2449 813 2516 Aeschylum
848 2449 1029 2496 eandem
1067 2468 1303 2514 usurpasse
1326 2449 1581 2496 sententiam

279 2529 443 2576 dietum
479 2542 744 2595 supraest:
801 2528 1031 2592 magnifice
1074 2530 1254 2579 Pindar.
1299 2530 1452 2593 fragm.
1494 2530 1577 2576 inc.

281 2610 385 2658 149.
412 2618 669 2667 Τιθεμὲνων
700 2614 893 2672 ἀγώνων
921 2613 1147 2674 πρόφασις
1169 2613 1337 2672 ἀρετὰν
1365 2616 1407 2660 ἐς
1440 2612 1580 2656 αἰπὺν
