1677 3059
535 244 600 251 —
722 215 781 259 ‘13
907 242 972 250 -

107 357 266 404 tiorum
297 374 482 413 nornen,
523 355 627 403 alias
659 371 750 401 non
783 353 842 400 ita
875 353 1078 418 vulgare,
1122 353 1407 405 domesticum

111 438 232 504 apud
263 436 492 501 Rheginos
529 437 664 484 fuisse
694 446 886 501 apparet.
964 436 1086 485 Idem
1124 436 1240 485 enim
1273 441 1409 502 gessit

109 537 269 566 nomen
300 517 591 584 philosophus
631 517 889 579 Rhegium,
934 517 1212 585 Pythagorae
1246 520 1409 568 assecla

111 619 180 667 ap.
213 599 438 647 Iamblich.
472 600 542 646 vit.
577 599 706 666 Pyth.
741 600 818 645 27.
850 600 950 654 30.,
989 609 1031 644 et
1061 598 1150 646 dux
1183 600 1409 665 Rhegino-

110 700 209 729 rum
229 682 276 728 in
308 679 424 728 bello
453 680 710 743 gravissimo
741 690 890 727 contra
910 676 1175 744 Dionysium
1205 683 1410 748 primum,

113 762 464 830 Syracusanum,
500 773 624 825 gesto
659 760 733 808 illo
759 759 936 827 Olymp.
972 759 1064 817 HC,
1103 760 1186 809 fuit
1219 764 1410 832 Phyton‚

110 843 295 891 Diodor.
329 843 448 900 XIV,
487 842 618 901 108,
668 841 874 890 Philostr.
917 842 1005 888 viu.
1052 841 1188 909 Soph.
1236 847 1331 904 VII,
1366 850 1409 894 2.

111 943 153 990 p.
178 924 286 972 280.
323 921 467 970 Olear.

240 1003 332 1051 Sed
358 1002 594 1068 aliquando
623 1004 843 1052 mittamus
865 1003 983 1053 haec.
1052 1006 1203 1055 Manet
1223 1027 1304 1057 nos
1332 1010 1413 1058 alia

114 1085 327 1151 quaesti0‚
350 1086 453 1132 satis
473 1085 641 1131 lubrica
666 1085 753 1142 illa,
776 1103 864 1149 quo
885 1097 1079 1152 tempore
1092 1088 1293 1138 floruisse
1306 1111 1410 1157 poc-

114 1176 201 1213 tam
223 1176 438 1230 putemus.
510 1164 672 1213 Suidas
695 1166 874 1213 Samum
898 1185 995 1214 eum
1021 1168 1165 1217 adisse
1184 1172 1316 1218 tradit
1341 1176 1415 1220 ὅτε

113 1251 259 1306 αὐτῆς
288 1240 402 1310 ἦρχε
434 1248 763 1310 Πολυκράτης,
811 1249 837 1294 ὁ
870 1250 955 1295 τοῦ
988 1252 1212 1310 τυράννου
1246 1256 1412 1316 πατήρ.

113 1331 282 1392 Χρόνος
315 1332 365 1376 δέ
404 1320 540 1380 οὗτος
584 1330 612 1374 o‘
654 1331 730 1374 ἐστι’
760 1333 989 1391 Κροίσου,
1046 1336 1300 1388 Ὀλυμπιάς
1332 1339 1413 1382 216¹.

113 1412 155 1458 A
189 1429 276 1475 quo
302 1409 549 1456 testimonio
584 1426 674 1454 non
709 1408 858 1455 leviter
890 1409 1101 1457 recedunt
1137 1412 1282 1479 cyrill.
1319 1416 1412 1462 adv.

113 1491 272 1538 Julian.
308 1491 340 1538 Ῑ.
373 1510 414 1556 p.
454 1492 529 1548 13,
560 1491 612 1536 A.
650 1493 939 1551 πεντηκοστῇ
972 1493 1108 1550 ἐνάτῃ
1140 1498 1415 1551 Ὀλυμπιάδι

110 1572 280 1636 Ἴβυκος
311 1574 336 1620 ὁ
369 1574 619 1629 μελοποιός.
685 1571 939 1637 Hieronym.
972 1571 1132 1618 Euseb.
1166 1574 1323 1623 Chron.
1361 1578 1416 1624 ad

115 1652 186 1700 Ol.
220 1655 314 1711 LX,
354 1655 394 1700 1.
446 1654 688 1708 »Hibe'cus‚
724 1653 986 1699 carminum
1018 1656 1239 1719 scriptor,
1271 1677 1417 1721 agno-

114 1736 294 1781 scitum«
360 1735 411 1782 In
438 1732 633 1780 Eusebio
655 1733 865 1780 Armenio
903 1732 1008 1781 haec
1045 1735 1214 1783 desunt.
1279 1738 1418 1801 Lege-

115 1814 248 1862 batur
264 1826 407 1863 autem
429 1826 527 1862 ante
551 1813 822 1877 scaligerum
844 1816 1082 1879 Hippicus.
1151 1818 1193 1865 Is
1218 1837 1317 1884 pag.
1344 1821 1417 1868 95.

117 1896 246 1943 affert
286 1897 547 1963 scripturam
584 1895 680 1944 cod.
727 1896 870 1943 Petav.
907 1897 1124 1954 Hibicus,
1171 1899 1292 1946 unde
1334 1902 1420 1948 Ar-

115 1975 234 2023 nald.
280 1977 523 2025 Pontacum
567 1977 823 2042 episcopum
865 1979 1148 2026 vasatensem
1195 1979 1420 2044 collegisse

119 2056 352 2120 legendum
385 2060 566 2122 Ibycus.
640 2057 807 2121 Estque
843 2069 884 2104 et
917 2057 1239 2123 depravationis
1274 2073 1421 2126 aperta

123 2156 277 2187 caussa
300 2151 340 2187 et
362 2140 602 2186 certissima
626 2139 860 2195 correctio,
898 2150 945 2184 ut
966 2157 1055 2184 non
1080 2140 1329 2188 mirandum
1351 2143 1420 2199 sit,

122 2219 244 2283 quod
272 2220 396 2268 multi
430 2220 628 2268 homines
665 2219 824 2267 eruditi
867 2218 1079 2266 calculum
1113 2221 1150 2268 ei
1182 2240 1310 2268 suum
1345 2222 1422 2269 ad-

121 2299 340 2363 jecerunt,
397 2300 512 2347 velut
554 2300 735 2347 Salmas
781 2301 983 2347 Exercitt.
1030 2301 1142 2349 Plin.
1176 2303 1206 2348 Ι.
1254 2322 1296 2367 p.
1331 2304 1420 2357 38,

122 2378 265 2426 Vales.
288 2380 432 2426 emdtt.
455 2401 497 2445 p.
528 2382 657 2439 117.‚
692 2382 931 2428 Burmann.
961 2381 1018 2427 ad
1049 2383 1224 2430 easdem
1247 2402 1289 2448 p.
1313 2387 1421 2431 232.

124 2470 167 2507 et
201 2478 298 2507 cum
332 2461 530 2507 Harlcsio
557 2461 789 2509 VVelcker.
824 2462 1085 2528 Hipponact.
1121 2464 1243 2528 reliq.
1278 2483 1320 2529 p.
1351 2466 1421 2512 10.

122 2552 211 2587 not.
278 2540 392 2587 Illud
427 2542 521 2604 jure
553 2542 712 2588 mirum
746 2541 967 2599 videatur,
1013 2544 1134 2607 quod
1164 2544 1426 2592 Schurzssei-

124 2620 246 2667 schio
281 2621 402 2668 notit.
433 2620 539 2667 bibl.
576 2621 725 2668 Vinar.
761 2641 803 2686 p.
834 2623 942 2674 238.
979 2627 1087 2673 257.
1123 2624 1286 2692 placuit
1320 2626 1426 2673 sub-
