1677 3059
563 224 627 233 —
741 195 833 241 115
940 222 1006 230 -

121 333 285 400 Lyrico
329 343 566 399 sumpta‚«
617 332 751 381 verba
793 331 1039 379 Heindorfii
1087 344 1213 390 sunt,
1260 337 1443 383 servavit

116 414 229 466 Plat.
265 413 453 462 Phaedr.
491 434 535 480 p.
571 416 692 471 225,
730 412 775 459 C.
816 414 951 461 Ὅταν
985 419 1034 461 δέ
1077 417 1262 476 χρονίζῃ
1304 418 1441 464 τοῦτο

117 497 242 557 δρῶν
273 498 355 543 καί
385 497 615 555 πλησιάζῃ
664 495 783 550 μετὰ
811 495 898 540 τοῦ
930 496 1165 542 ἅπτεσθαι
1197 499 1244 541 ἓν
1277 514 1325 542 τε
1358 515 1440 557 yv-

115 582 325 631 μνασίοις
360 580 442 624 καί
472 581 518 624 ἐν
550 583 649 625 ταῖς
682 573 842 624 ἄλλαις
878 576 1103 639 ὁμιλίαις,
1149 575 1247 633 τὸτ’,
1278 575 1371 634 ἤδη
1407 580 1439 634 ἡ

115 657 203 702 τοῦ
248 659 472 718 ῥεύματος
519 661 688 703 ἐκείνου
732 656 890 716 πηγὴ,
949 657 1011 702 ὃν
1058 660 1260 716 ἵμερον
1302 660 1439 710 Ζεὺς

115 739 513 793 Γανυμήδους
544 738 688 797 ἐρῶν
711 737 1003 797 ω’νόμασε,
1043 739 1192 791 πολλὴ
1215 745 1435 800 φερομένη

114 819 229 879 πρὸς
251 819 334 865 τὸν
350 819 548 879 ἐραστὴν
566 820 597 874 ἠ
620 820 702 873 μὲν
722 821 764 867 ἐς
791 817 939 861 αὐτὸν
973 819 1051 862 ἔδυ
1079 826 1118 861 et
1141 833 1236 880 sqq.
1309 820 1436 882 Quae

114 896 263 943 omnia
299 897 555 962 conspirant
583 915 682 945 cum
716 896 797 953 iis,
848 912 959 959 quae
994 906 1034 941 et
1066 894 1112 941 in
1155 896 1307 963 Ibycio
1341 919 1434 947 car-

114 975 232 1023 mine
268 975 455 1024 infuisse
489 979 579 1026 veri
610 975 877 1024 simillimum
907 987 971 1022 est
993 987 1034 1023 et
1063 995 1174 1041 quae
1194 977 1299 1026 inde
1324 979 1433 1029 hau-

113 1055 172 1101 sit
219 1055 496 1121 Apollonius.
588 1058 686 1103 Jam
729 1075 830 1102 vero
867 1057 903 1103 si
940 1057 1084 1115 Plato,
1135 1076 1247 1121 quae
1284 1073 1433 1107 nostra

113 1136 329 1182 sententia
374 1148 461 1195 est,
520 1156 697 1184 carmen
743 1136 866 1203 Ibyci
912 1138 1125 1203 respexit,
1179 1143 1434 1204 exposuerit

112 1227 245 1281 poeta
281 1217 504 1282 quomodo
539 1218 713 1282 Jupiter
748 1216 972 1282 paullatim
995 1218 1087 1281 igni
1119 1221 1328 1267 amatorio
1365 1222 1430 1268 in-

114 1296 321 1356 caluerit,
357 1298 452 1363 ipse
486 1296 671 1344 forsitan
700 1296 1016 1363 deus'loquens
1039 1298 1271 1358 inductus⁷
1310 1303 1431 1366 quod

111 1377 272 1426 docere
316 1379 521 1426 videntur
554 1377 688 1425 verba
729 1378 938 1426 Platonis.
1029 1378 1118 1440 Qui
1153 1391 1300 1428 utrum
1335 1384 1429 1447 ipse

107 1459 305 1524 rapuerit
334 1459 455 1525 apud
495 1459 681 1525 Ibycum
716 1478 771 1506 an
807 1459 879 1506 alii
915 1459 1041 1505 alicui
1070 1459 1253 1506 deorum
1282 1460 1329 1507 id
1352 1480 1428 1509 ne-

109 1541 217 1603 gotii
256 1539 540 1605 imposuerit,
575 1558 667 1586 non
702 1551 767 1586 est
801 1551 1021 1604 apertum:
1064 1540 1147 1586 hoc
1183 1552 1314 1605 patet,
1352 1562 1428 1590 ne-

107 1639 196 1686 que
235 1620 428 1686 aquilam
462 1619 547 1666 hoc
582 1637 762 1668 munere
800 1620 925 1682 fungi
960 1620 1156 1684 potuisse
1180 1621 1300 1685 apud
1323 1622 1427 1689 Iby-

106 1720 233 1753 cum:
297 1720 399 1753 nam
435 1701 524 1747 avis
561 1718 640 1766 per
676 1719 776 1748 aera
810 1700 995 1758 labitur,
1049 1712 1178 1765 poeta
1213 1704 1427 1750 tramitem

109 1782 375 1830 memoravit.
461 1783 666 1828 Fortasse
710 1793 840 1846 poeta
874 1792 1057 1827 novator
1090 1784 1299 1829 Amorem
1349 1784 1424 1831 de-

107 1864 294 1912 missum
323 1862 450 1920 fecit3
487 1863 563 1910 cfr.
601 1862 656 1908 de
690 1861 937 1908 diversitate
962 1863 1261 1908 narrationum
1293 1865 1426 1910 Hem-

111 1943 299 1990 sterhus.
335 1943 383 1990 in
416 1944 596 1992 Lueian.
632 1943 687 2000 II,
721 1961 765 2007 p.
795 1943 903 1989 257.
937 1941 1062 2008 Rip,
1110 1944 1250 2010 Heyn.
1286 1946 1426 2010 Apol·
1454 1983 1457 1985 .

106 2021 197 2073 lod.
219 2041 262 2088 p.
290 2023 400 2072 294.
413 2024 484 2087 23)
553 2022 667 2070 Sunt
697 2023 811 2070 enim
843 2022 926 2069 hae
956 2021 1141 2070 fabellae
1179 2043 1227 2071 ex
1264 2026 1342 2084 iis,
1379 2028 1425 2073 in

165 2200 237 2247 23)
267 2199 536 2248 Simplicissime
564 2202 742 2237 Homerus
773 2201 858 2236 deos
895 2202 1053 2249 rapuisse
1083 2202 1188 2244 dicit;
1240 2201 1298 2236 alii
1328 2202 1426 2237 alios.

235 2263 389 2298 Alcaeus
413 2267 570 2302 comicus
589 2268 627 2301 in
646 2267 780 2311 sabula,
802 2280 909 2314 quam
927 2268 1164 2312 Ganymedes
1187 2267 1426 2313 inscripserat,

181 2345 189 2350 ν
234 2329 439 2364 Vulcanum
466 2331 627 2366 sedulum
652 2331 751 2366 illum
770 2332 970 2366 ministrum
991 2331 1156 2365 caelitum
1191 2344 1209 2365 a
1232 2332 1322 2365 Jove
1344 2331 1428 2367 huic

233 2394 375 2428 muneri
396 2396 636 2441 praepositum
662 2396 756 2439 fecit,
785 2397 844 2443 qui
865 2410 985 2431 scurra
1009 2396 1199 2443 Olympius
1222 2396 1315 2430 haud
1343 2410 1425 2431 raro

233 2459 364 2493 civium
412 2473 557 2494 suorum
591 2462 813 2496 contristatos
847 2462 983 2496 animos
1022 2461 1218 2507 repararit,
1261 2462 1425 2495 omnibus

234 2523 439 2558 ministeriis
466 2525 687 2571 praefectuS,
716 2533 755 2559 ut
781 2527 817 2560 in
841 2526 976 2561 lliad.l
1003 2527 1125 2561 Hebae
1155 2525 1274 2559 officio
1306 2526 1426 2573 fungi—

239 2595 297 2623 tur
326 2601 408 2624 cum
439 2603 578 2624 summa
609 2589 770 2624 omnium
803 2591 989 2625 hilaritate.
1043 2589 1094 2623 Ex
1121 2590 1241 2625 fabula
1271 2590 1327 2623 illa
1361 2590 1426 2624 ΑΙ-

1142 2656 1209 2702 8*
