1677 3059
112 341 288 390 Homer.
321 359 366 405 p.
394 342 460 407 15ι
476 358 574 405 sqq.
641 339 794 400 Longe
827 337 951 386 aliter
981 339 1142 406 Ibycus
1163 339 1417 404 Apollonia-

114 438 222 466 nus:
278 438 367 466 non
403 420 489 484 jam
525 438 649 469 mons
689 418 928 467 Thessalus
965 422 1148 472 deorum
1193 431 1257 466 est
1293 419 1416 467 habi-

113 499 326 556 taculum,
377 500 456 547 sed
490 501 596 548 caeli
629 500 712 547 late
760 512 912 564 patens
958 501 1182 566 planities,
1239 500 1415 547 duobus

114 590 353 626 sustentata
386 581 451 628 vel
493 580 793 628 cacuminibus
830 584 1043 631 montium
1086 582 1150 628 vel
1187 581 1414 638 columnis,

114 658 295 725 Olympi
330 661 505 708 nomine
533 662 704 724 signata
738 674 779 710 et
808 663 928 727 ipsa,
964 682 1000 711 v.
1030 665 1158 714 Voss.
1196 681 1294 727 epp.
1320 681 1416 728 nay-

113 739 216 790 thol.
238 742 272 799 I,
298 745 375 797 27,
401 760 444 807 p.
475 743 569 789 170
587 759 684 806 sqq.
753 742 866 788 Hinc
891 745 1033 788 πύλαι
1068 742 1164 789 illae
1197 748 1413 804 αἰθέριαι,

113 821 214 869 hinc
246 823 313 869 via
344 821 415 868 illa
446 826 670 885 οὐρανίη,
708 822 930 870 deducens
968 822 1022 869 de
1058 822 1200 878 caelo,
1238 822 1292 868 ad
1328 823 1415 867 ori-

113 915 253 949 entem
300 919 509 948 conversa
553 901 714 960 solem,
762 904 825 949 uti
872 904 1091 966 colligitur
1135 922 1183 949 ex
1225 923 1260 953 v.
1315 905 1413 951 102.

110 978 307 1029 Eandem
338 981 451 1029 viam
485 983 606 1029 novit
638 983 791 1046 Quint.
827 985 1003 1051 Smyrn.
1032 985 1150 1040 XIV,
1185 987 1295 1033 223.

174 1057 288 1121 αἶψα
307 1068 347 1110 δ’
368 1068 410 1113 ἐς
430 1065 634 1112 Ἠλύσιον
654 1070 792 1111 πέδον
810 1065 1010 1128 ἤλυθον,
1046 1055 1123 1124 ᾗχι
1148 1069 1361 1112 τέτυκται

175 1146 377 1206 οὐρανοῦ
401 1147 448 1194 ἐξ
472 1146 668 1192 ὑπάτοιο
696 1151 975 1208 καταιβασίη
1007 1145 1170 1196 ἄνοδος
1190 1164 1238 1191 τε

173 1225 429 1274 ἀθανάτοις
460 1227 753 1286 μακάρεσσιν.

108 1306 363 1371 Eademque
396 1305 464 1352 via
498 1305 676 1354 Themis
709 1324 732 1352 a
768 1306 918 1353 Parcis
955 1306 999 1351 in
1043 1305 1283 1372 Olympum
1321 1323 1414 1351 eve-

110 1387 230 1434 hitur
268 1385 387 1451 apud
421 1385 600 1434 Pindar.
636 1387 765 1449 srgni.
802 1387 952 1452 hymn.
989 1386 1041 1433 II.
1079 1391 1187 1434 ποτιΙ
1212 1394 1416 1443 κλίμακα

110 1470 279 1525 σεμνάν
321 1457 440 1528 ἆγον
480 1468 733 1523 Οὐλύμπου
779 1469 983 1529 λιπαρὰν
1028 1474 1141 1513 καθ’·
1185 1471 1305 1516 ὁδόν.
1351 1499 1416 1508 —

109 1554 163 1599 V.
203 1549 309 1598 161.
361 1550 472 1595 δοιώ
508 1553 556 1594 δέ
597 1550 731 1594 πόλοι
772 1553 986 1601 ἀνέχουσι
1027 1550 1208 1609 κάρηνα
1248 1553 1418 1611 οὐρέων

107 1630 350 1692 ἠλιβάτων.
418 1627 546 1674 Stetit
574 1627 618 1673 in
655 1628 723 1674 his
758 1628 920 1694 Ibycus
951 1647 1048 1675 cum
1084 1628 1320 1693 Apollonio
1360 1630 1414 1677 ab

109 1710 406 1777 antiquiorum
426 1708 628 1774 partibus
656 1721 908 1774 poetarum,
946 1709 1020 1772 qui
1045 1708 1210 1756 caelum
1235 1711 1416 1757 summis

110 1790 411 1841 cacuminibus
442 1790 670 1846 montium,
708 1790 783 1854 qui
806 1789 897 1838 sere
928 1797 1067 1841 κίονες
1093 1790 1313 1849 dicuntur,
1348 1793 1416 1838 ni-

109 1891 212 1922 xum
255 1881 473 1927 statuunt,
526 1869 642 1916 velut
684 1872 811 1920 Hom.
851 1871 939 1920 Od.
974 1872 1007 1928 I,
1045 1873 1121 1920 52.
1174 1870 1298 1918 Atlas
1335 1873 1416 1918 hu-

109 1955 240 2001 meris
272 1951 457 1999 sustinet
491 1958 644 2003 κίονας
676 1955 727 1998 αἳ
756 1954 896 2013 γαῖάν
926 1970 975 1998 τε
1004 1954 1086 1998 καί
1106 1955 1305 2013 οὐρανὸν
1327 1956 1416 2010 άμ-

111 2037 185 2095 φίς
214 2037 406 2087 ἔχουσιν.
483 2032 583 2097 Ipse
619 2032 765 2097 ipsum
802 2032 967 2080 caelum
1002 2051 1070 2097 ap.
1108 2034 1210 2080 Hes.
1247 2031 1415 2095 Theog.

112 2114 225 2162 517.
260 2115 439 2172 κεφαλῇ
472 2131 520 2159 τε
555 2116 636 2158 καί
673 2116 947 2172 ἀκαμάτῃσι
982 2117 1192 2173 χέρεσσιν.
1273 2113 1417 2174 Quem

111 2204 286 2242 secutus
319 2192 565 2260 Aeschylus
602 2206 666 2244 est
696 2196 843 2244 Proin.
875 2196 983 2243 426.
1019 2191 1084 2239 cll.
1125 2212 1160 2241 v.
1191 2194 1301 2248 349.
1340 2194 1414 2240 nbi

110 2275 336 2324 verissima
369 2273 585 2339 scriptura
608 2274 852 2322 Roborkclli
888 2276 1096 2337 nicom-24)
1158 2273 1246 2323 Csr.
1272 2274 1415 2321 Schul.

166 2468 237 2518 24)
265 2471 386 2506 verba
416 2468 544 2516 prioris
570 2468 641 2504 loci
668 2469 759 2504 haec
786 2476 886 2504 sunt:

295 2533 479 2576 ”Αῑλανθ’,
506 2535 545 2578 ὃς
571 2537 643 2570 αἰὲν
670 2533 853 2583 ὑπείροχον
883 2536 1010 2575 σθένος

303 2601 478 2652 Κραταιόν
506 2599 668 2648 οὐράνιόν
694 2614 726 2635 τε
754 2600 860 2636 πόλον
888 2598 1003 2639 νώτοις
1029 2595 1255 2637 ὑποστενάζει.
