1677 3059
690 236 754 244 —-
862 208 956 255 192
1062 235 1125 242 —

258 369 380 407 rum,
422 366 512 396 non
549 346 766 409 ἐγχώριον
801 347 998 412 Asopum
1044 363 1164 402 esse,
1214 344 1293 393 sed
1340 346 1566 406 advenam,

259 443 367 480 teste
398 430 530 477 Paus.
566 427 621 483 ll,
658 429 702 484 5,
738 430 781 473 2.
860 427 1150 473 Maeandrum
1184 428 1299 474 enim
1333 446 1384 475 ex
1418 429 1568 476 Celae-

260 513 328 560 nis
361 508 649 575 prossuentem
684 525 764 572 per
798 507 1042 571 Phrygiam
1078 517 1118 553 et
1152 506 1321 555 Cariam
1347 527 1437 555 non
1463 528 1568 575 pro-

263 592 333 641 cul
355 589 507 637 Mileto
542 587 718 634 infundi
753 588 797 634 in
832 608 976 646 mare;
1013 588 1114 633 hinc
1149 586 1195 633 in
1215 587 1570 654 Peloponnesum

261 671 447 722 transire
476 668 628 734 ibique
661 687 880 733 emergere
916 671 1128 734 Asopum.
1196 667 1319 715 Idem
1351 670 1482 716 Paus.
1514 671 1568 728 ΙΙ,

263 757 307 804 7.
351 753 395 802 8.
441 749 547 796 haec
590 760 749 795 narrat.
818 751 950 796 Fama
996 751 1079 796 sert
1119 748 1429 813 Sicyoniorum
1476 768 1572 798 esse

263 836 471 898 Marsyae
525 827 656 875 tibias
714 842 985 877 consecratas
1037 831 1083 876 in
1128 830 1289 895 iemplo
1337 831 1571 896 Apollinis,

268 913 390 981 quod
431 921 496 958 est
540 908 659 973 apud
705 927 790 955 eos,
871 910 1018 956 Sileno
1064 911 1177 956 enim
1221 911 1378 958 misere
1422 911 1573 957 habito

266 994 446 1044 flumine
488 988 619 1037 ’tibias
667 987 711 1033 in
756 989 1047 1035 Maeandrum
1090 990 1275 1038 delatas:
1331 991 1377 1037 in
1422 991 1575 1056 Asopo

268 1091 423 1124 rursus
470 1068 767 1133 comparuisse
803 1080 843 1114 et
878 1069 920 1114 in
957 1079 1072 1115 terra
1118 1070 1316 1134 ipsorum
1351 1071 1508 1135 ejectas
1553 1089 1578 1117 a

269 1167 445 1223 pastore
490 1161 686 1215 repertas
735 1161 777 1196 et
823 1149 1019 1215 Apollini
1063 1150 1185 1197 datas
1232 1169 1338 1198 esse.
1401 1151 1578 1214 Quibus

270 1237 404 1285 rebus
450 1229 656 1279 omnibus
698 1241 879 1294 apparet
919 1231 1103 1298 Ibycum
1147 1231 1350 1294 religiose
1385 1242 1581 1277 secutum

274 1334 368 1364 csse
413 1311 607 1361 fabulam
650 1310 931 1357 domesticam
977 1312 1297 1380 Sicyoniorum.
1383 1311 1584 1358 Eandem

275 1393 469 1443 fabulam
507 1392 582 1456 qui
626 1410 769 1456 nuper
814 1392 952 1454 attigit
988 1394 1102 1440 Rob.
1139 1393 1315 1458 Gompf.
1354 1391 1583 1458 Sicyonia-

276 1495 362 1525 cor.
399 1473 576 1539 specim.
611 1471 658 1529 I,
705 1490 746 1536 p.
784 1475 885 1530 33.‚
942 1474 1154 1519 rationem
1191 1492 1279 1519 non
1311 1484 1375 1520 est
1410 1491 1584 1519 assecu-

274 1571 357 1606 tus.
445 1554 499 1601 Id
541 1564 589 1600 ut
636 1553 857 1618 possimus
904 1553 1006 1600 facit
1053 1554 1159 1601 haec
1207 1555 1416 1601 memoria
1457 1554 1583 1617 Ibyci

276 1637 537 1687 conveniens
580 1632 652 1680 illa
696 1632 817 1679 haud
853 1632 986 1680 dubie
1022 1633 1125 1681 fidei
1158 1635 1362 1700 populari
1399 1646 1440 1682 et
1472 1635 1583 1700 ipsa,

275 1715 583 1785 praetermissa
616 1712 822 1778 Gompsio
858 1712 978 1778 apud

408 1797 597 1844 Pausan.
628 1795 683 1851 ΙΙ,
721 1796 764 1851 ὁ,
801 1798 842 1841 3.

369 1878 577 1926 Σικυῶνα
609 1880 657 1922 δὲ
692 1878 746 1921 οὐ
769 1878 1060 1937 Μαραθῶνος
1082 1878 1166 1922 τοῦ
1192 1878 1450 1939 Ἐπωπέως,
1489 1884 1587 1933 Μη-

277 1965 435 2008 τίωνος
466 1960 514 2002 δὲ
546 1951 659 2001 εἶναι
691 1958 776 2002 τοῦ
812 1961 1052 2017 Ἐρεχθέως
1086 1961 1249 2015 φασίν.
1298 1960 1516 2015 ὁμολογεῖ
1542 1961 1590 2002 δὲ

281 2058 410 2100 σφισι
447 2041 528 2084 καί
556 2036 718 2099 Ἄσιος,
761 2039 856 2082 ἐπεὶ
893 2039 1087 2087 Ἡσίοδός
1116 2056 1163 2081 τε
1198 2040 1278 2082 καί
1312 2036 1531 2098 Ἴβυκος
1563 2038 1588 2083 ὁ

280 2127 361 2178 μὲν
394 2123 630 2180 ἐποίησεν,
669 2122 726 2166 ὡς
759 2121 1002 2179 Ἐρεχθέως
1033 2119 1100 2173 εἴη
1136 2118 1336 2164 Σικυών·
1378 2115 1591 2179 Ἴβυκος

283 2207 331 2250 δὲ
361 2199 562 2250 Πέλοπός
590 2215 730 2258 φησιν
763 2199 918 2245 αὑτὸν.

406 2282 495 2327 Res
515 2278 650 2341 igitur
678 2279 795 2325 haec.
844 2276 1011 2342 Sicyon
1035 2276 1150 2324 filius
1176 2277 1352 2343 Pelopis
1377 2297 1427 2326 ex
1447 2278 1590 2345 Phry-

286 2362 356 2425 gia
402 2359 578 2406 oriundi
623 2357 747 2404 urbis
795 2356 1027 2424 Sicyoniae
1071 2361 1190 2420 ἥρως
1238 2360 1472 2415 ἐπώνυμος
1522 2376 1592 2403 ex-

286 2444 403 2489 stitit.
475 2442 522 2487 Si
559 2437 633 2502 qui
670 2448 811 2483 autem
843 2437 983 2484 coloni
1021 2439 1066 2485 in
1098 2449 1287 2485 remotas
1314 2437 1593 2502 deduceban-

288 2535 360 2570 tur
392 2534 554 2579 terras,
599 2517 708 2565 adeo
744 2517 803 2563 illi
841 2518 1177 2565 domesticarum
1215 2518 1444 2582 regionum
1474 2528 1592 2563 tena-

290 2621 360 2649 ces
395 2602 596 2649 solebant
629 2617 748 2656 esse,
784 2609 831 2645 ut
866 2617 937 2645 eas
974 2599 1064 2646 fere
1087 2599 1132 2645 in
1156 2599 1278 2646 novis
1301 2597 1482 2646 sedibus
1506 2615 1596 2643 non
