1677 3059
544 204 982 250 -219—

558 343 595 391 F
610 360 635 391 r
654 361 678 390 a
697 361 727 407 g
741 361 798 391 m.
853 341 966 390 LVI.

234 424 472 473 Herodian.
507 429 609 489 περι·
638 425 785 486 μονήρ
815 427 901 474 λε’ξ.
940 440 985 486 p.
1015 421 1092 479 38,
1123 422 1194 470 13.
1231 422 1366 471 Dind.

215 508 580 570 Λεβυαφιγενής.
638 508 670 564 ἡ
706 508 782 554 διὰ
819 506 903 552 τοῦ
935 496 989 564 ’ᾳῖι
1021 506 1258 556 ἐπέκτοισις
1287 509 1416 553 οὐδέ-

106 605 219 634 ποτε
261 594 386 636 θέλει
431 591 534 636 κατ’
577 589 730 650 ἀρχὴν
784 590 1094 634 συντίθεσθαι
1105 621 1123 648 ,
1187 586 1313 648 μόνῳ
1366 591 1416 633 δέ

105 671 522 731 παρηκολούθησεν
570 672 619 717 ἐν
662 668 934 730 ἐπιρρήματι
975 668 1041 729 τῷ
1081 684 1134 725 φι.
1172 668 1414 731 τοσοῦτον,

105 753 351 815 ἱφιγένειοε,
387 752 599 814 ἰφικλνῆς,
643 750 900 810 ἰφιάνασσα
935 749 1016 794 καί
1046 748 1137 793 ὅσα
1171 747 1293 793 ἄλλα
1321 751 1416 794 ἔστι

106 832 329 877 τοιαῦτα.
376 832 666 888 πεπλάνηται
700 822 786 877 οὖν
814 829 1032 892 Ἴβυκος
1065 829 1204 874 εἰπών
1236 835 1415 891 Λεβυοε-

105 911 301 971 φιγενής.
1038 972 1044 977 .

231 991 387 1054 Libya
415 991 644 1040 oriundas
677 1008 710 1037 s.
746 989 962 1037 oriunda.
1049 988 1162 1035 Nam
1192 986 1415 1053 praeclare

102 1068 255 1117 Bloch.
290 1074 626 1134 Λιβυοιφιγενὴς
660 1071 850 1127 extudit3
919 1069 1015 1116 cod.
1049 1068 1179 1116 Hafn.
1211 1068 1414 1131 Ἰβευκος

101 1151 201 1198 Non
235 1152 532 1200 insimulasset
564 1153 711 1200 rierum
745 1171 955 1199 novarum
992 1148 1272 1196 Herodianus
1308 1167 1415 1214 poe-

100 1241 213 1289 tam,
261 1232 337 1296 qui
368 1232 605 1298 antiquatis
642 1234 791 1299 potius
822 1231 1062 1287 studuerit,
1108 1228 1196 1275 nisi
1230 1224 1298 1288 ἶφι
1332 1247 1414 1294 pro

101 1310 310 1359 adverbio
331 1312 530 1361 habitum
564 1325 669 1363 tunc
696 1326 820 1362 esset.
891 1312 1005 1360 Illud
1040 1312 1245 1373 Λιβύαφι
1267 1327 1315 1355 ex
1342 1327 1414 1356 ve-

100 1404 218 1440 tusto
239 1411 440 1441 sermone
465 1394 698 1452 remansit,
736 1394 805 1441 cui
833 1393 1043 1441 locativus
1072 1392 1110 1438 is
1142 1408 1268 1438 casus
1299 1401 1412 1439 erat:

102 1493 234 1539 quem
277 1485 494 1522 servatum
530 1493 626 1522 esse
670 1494 761 1522 non
804 1475 965 1522 mirum
1000 1483 1064 1519 est
1108 1471 1154 1517 in
1199 1489 1249 1518 eo
1285 1489 1414 1518 voca-

99 1553 229 1612 bulo,
269 1573 358 1620 quo
393 1555 526 1603 deum
561 1555 763 1613 deamve,
799 1555 1043 1602 Minervam
1080 1570 1261 1609 censeo,
1298 1571 1413 1599 nun-

100 1647 324 1700 cuparent.
412 1638 525 1684 Nam
567 1638 614 1684 in
657 1636 820 1683 talibus
870 1633 1053 1681 mirifice
1103 1633 1414 1680 custodiuntur

97 1727 248 1763 sancta
280 1717 415 1782 prisci
450 1719 542 1765 aevi
575 1727 868 1765 monumenta.
936 1713 1055 1761 Talis
1088 1712 1298 1760 locativus
1337 1732 1413 1760 su-

96 1809 244 1861 perest
276 1799 323 1845 in
361 1801 669 1863 Θηβοιιγενὴς,
707 1796 943 1859 Goettling.
979 1795 1026 1841 in
1060 1794 1195 1843 Arist.
1234 1793 1327 1840 Pol.
1367 1811 1409 1859 p.

97 1879 231 1935 363.‚
277 1882 586 1944 Πυλοιγενής,
644 1880 884 1939 ἰθαιγενὴς
924 1877 1063 1923 simm.
1105 1892 1173 1940 ap.
1218 1873 1409 1921 Lobeck.

94 1956 262 2024 Phryn.
297 1979 340 2026 p.
375 1962 483 2010 648.
560 1962 662 2008 Non
699 1958 886 2005 dissidet
919 1957 980 2004 illi
1011 1951 1112 2019 ἶφι,
1167 1955 1252 2001 nisi
1290 1952 1413 2019 quod

96 2037 134 2084 is
164 2038 334 2089 dativus
370 2053 458 2100 est,
504 2042 568 2089 uti
602 2043 648 2088 in
678 2039 764 2087 illis
801 2050 843 2087 et
877 2039 923 2085 in
958 2036 1053 2084 aliis
1085 2034 1262 2083 minime
1297 2052 1409 2099 pau-

99 2119 173 2167 cis.
217 2122 354 2185 Quod
375 2124 621 2171 Minervam
645 2126 974 2185 Τριτογένειαν,
1011 2118 1065 2165 de
1092 2135 1179 2182 qua
1202 2134 1240 2166 v,
1266 2113 1412 2161 Muel-

95 2201 171 2250 ler.
203 2201 412 2250 Orchom.
446 2223 489 2269 p.
516 2205 654 2260 21³„
691 2221 743 2250 eo
778 2201 955 2249 nomine
991 2199 1046 2246 ab
1081 2198 1220 2260 Ibyco
1258 2192 1411 2259 appel-

76 2281 225 2333 .latam
267 2283 482 2349 judicavi,
532 2283 736 2330 formatio
787 2281 977 2330 nominis
1024 2281 1069 2326 in
1115 2294 1269 2324 caussa
1312 2273 1409 2330 suit,

96 2383 232 2429 quum
279 2363 381 2412 talia
440 2364 619 2411 nomina
673 2362 727 2409 ab
781 2359 1148 2427 appellationibus
1195 2368 1410 2403 terrarum

93 2463 192 2493 cum
225 2438 361 2509 ᾗῇ
386 2447 573 2493 formata
605 2445 698 2492 sere
732 2442 915 2489 deorum
948 2442 1035 2489 sint
1062 2438 1258 2506 propria,
1294 2434 1410 2482 velut

90 2532 329 2589 Ἀφροδίτη
382 2527 710 2588 Κυπρογενὴς,
773 2528 1120 2584 Κυπρογένεια,
1181 2519 1410 2568 Ἀπόλλων

91 2610 358 2669 Λυκηγενὴς
391 2617 434 2654 et
469 2623 582 2671 quae
617 2615 720 2653 sunt
751 2605 847 2654 alia.
