1677 3059
554 236 616 244 —-
739 208 801 255 73
924 239 988 247 ..-

125 369 206 418 pro
248 348 473 417 dactylicis
508 349 720 407 vendant,
765 349 831 396 vel
866 367 940 397 eos
974 368 1124 397 versus
1159 351 1311 399 eadem
1339 369 1421 398 nu-

125 451 345 481 merorum
379 431 658 479 continuitate
691 430 846 494 ligatos
871 449 966 479 esse
993 431 1079 479 sibi
1111 433 1424 499 persuaserint,

129 512 204 577 qui
239 532 289 561 ex
320 513 523 579 pluribus
543 512 773 559 ordinibus
797 514 1027 578 compositi
1051 527 1162 562 sunt.
1231 515 1282 563 Id
1304 514 1426 582 quod

131 593 256 641 facile
291 595 576 660 perspicitur,
621 592 699 639 ubi
735 592 936 641 admissis
973 597 1182 660 spondeis
1217 596 1313 645 loco
1348 597 1427 644 da-

133 677 346 744 ctylorum
377 675 561 741 posthac
595 674 705 722 arsis
728 675 892 740 majore
916 676 956 722 vi
980 676 1204 725 efferenda
1224 689 1300 726 est.
1368 679 1430 725 Ut

132 756 259 821 srgm.
292 757 407 804 XIII.

301 876 601 889 -ο--νν--σ-ι
623 875 986 891 -υυσ-νυ--ι-
1011 878 1183 891 -υυῂ-
1205 880 1223 892 υ

136 991 266 1039 Prior
297 1011 447 1040 versus
484 1002 651 1039 constat
671 1010 719 1039 ex
743 991 885 1039 tribus
920 991 1153 1040 ordinibus
1181 992 1433 1058 dactylicis;

138 1072 246 1121 alter
279 1073 471 1120 trimeter
493 1072 604 1119 dact.
642 1071 762 1119 catal,
794 1073 840 1119 in
862 1072 1092 1137 syllabam,
1129 1074 1203 1138 qui
1228 1076 1435 1141 frequens

139 1165 205 1201 est
237 1153 356 1219 apud
379 1166 530 1219 poetas
561 1153 724 1219 lyricos
751 1155 938 1211 Dorios,
973 1154 1197 1220 stropham
1230 1156 1438 1204 clausisse

136 1234 318 1282 videtur.
386 1236 483 1282 Huc
519 1234 632 1282 adde
661 1233 736 1291 IV,
764 1237 831 1293 3.,
862 1234 941 1282 ubi
976 1234 1063 1281 duo
1098 1236 1275 1283 ordines
1311 1236 1437 1294 dact,

140 1327 182 1364 et
214 1315 292 1375 XI,
329 1319 396 1373 2,
443 1315 663 1381 siquidem
707 1333 805 1362 eum
839 1333 1011 1363 versum
1055 1328 1168 1363 recte
1206 1318 1440 1365 concinna-

140 1397 292 1443 vimus.
371 1396 509 1462 Apud
542 1407 707 1443 veteres
743 1396 877 1458 igitur
909 1397 1226 1445 Grammaticos
1264 1399 1441 1465 Ibycio-

141 1495 240 1523 rum
273 1477 449 1523 nomine
485 1476 528 1522 hi
564 1494 715 1523 versus
750 1477 947 1540 insigniti
980 1489 1157 1526 exstant.

272 1558 392 1604 Serv.
440 1556 685 1604 Centimetr.
721 1575 763 1621 p.
798 1557 935 1607 1821.
972 1558 1148 1606 Putsch.
1209 1560 1444 1626 »Ibycium

143 1648 313 1686 constat
344 1636 593 1686 hexametro
627 1636 884 1695 acatalectO,
920 1649 968 1685 ut
1003 1651 1067 1686 est
1102 1640 1207 1688 hoc:

209 1720 367 1768 Sidera
396 1718 561 1785 pallida
596 1717 840 1781 diffugiunt
870 1719 963 1766 face
996 1721 1143 1767 territa
1175 1720 1390 1769 luminis«

142 1801 324 1866 Legitur
355 1800 486 1865 vulgo
521 1800 777 1856 luminum,
816 1817 867 1846 ex
901 1799 1028 1847 codd.
1066 1800 1175 1847 illud
1210 1804 1446 1851 emendan-

145 1884 267 1942 dum,
301 1882 378 1930 cfr.
404 1881 580 1929 Santen.
603 1880 651 1926 in
671 1880 917 1927 Terentian.
940 1882 1082 1929 Maur.
1106 1901 1147 1948 p.
1176 1884 1280 1931 157.
1315 1885 1446 1949 Ejus-

144 1964 266 2013 modi
288 1975 433 2011 autem
453 1979 605 2009 versus
628 1961 675 2007 in
698 1962 916 2025 integrum
949 1962 1170 2028 dactylum
1191 1965 1447 2014 terminatus

145 2045 291 2092 locum
319 2043 484 2091 habere
514 2061 606 2090 non
636 2052 829 2108 poterat,
865 2043 950 2090 nisi
979 2044 1025 2090 in
1059 2044 1259 2093 versibus
1287 2045 1450 2112 imper-

147 2125 273 2173 fectis
308 2135 619 2190 systematum,
656 2123 802 2189 qualia
836 2135 1074 2189 supersunt
1106 2126 1233 2189 frgm.
1269 2127 1304 2186 I,
1336 2128 1379 2175 4.
1406 2129 1448 2176 6.

154 2205 411 2254 Censendus
444 2206 483 2253 is
517 2204 665 2271 potius
697 2202 979 2267 logaoedicus
1015 2204 1096 2253 hac
1130 2226 1357 2257 mensura:

315 2323 856 2339 -νν-νυ--υν-υν-
874 2325 1018 2338 υυ--υ

150 2364 301 2428 Pe1git
328 2363 445 2410 Serv.
482 2363 508 2410 l
543 2383 577 2411 c.
613 2363 840 2429 »Ibycium
866 2375 1034 2411 constat
1066 2363 1335 2430 heptametro
1368 2364 1455 2430 hy-

151 2443 465 2511 percatalectO,
500 2454 549 2490 ut
583 2454 647 2490 est
678 2444 788 2492 hoc:

217 2523 471 2574 Versiculos
496 2523 577 2570 tibi
601 2523 840 2586 dactylicos
862 2527 998 2573 cecini
1025 2543 1136 2592 puer
1161 2525 1322 2591 optime
1345 2544 1457 2590 quos

971 2607 1145 2654 facias«
