1677 3059
536 239 601 247 —-
705 211 801 258 207
908 236 971 243 -

94 350 312 412 νΙβυκος
347 355 394 397 δὲ
429 351 586 397 πάντα
625 351 687 396 τὰ
725 348 886 410 ἄστρα.
972 347 1096 395 Suid.
1131 365 1164 394 s.
1201 367 1236 393 v.
1265 350 1401 411 ’Ἴβυ-

96 447 191 481 κος
225 436 275 478 δὲ
308 433 463 479 πάντα
497 432 558 478 τα
592 430 742 491 ἄστρα
777 436 919 492 σείρια
951 435 1080 490 λέγει.
1145 428 1402 495 Eodemque

95 510 235 558 tendit
271 511 464 558 Gramm.
498 512 565 559 Et.
597 511 658 558 Μ.
694 530 736 577 p.
761 512 872 568 710,
902 510 976 559 28.
1017 514 1124 558 ἔνιοι,
1158 512 1313 559 πάντα
1341 514 1404 559 τα

95 592 246 654 ἄστρα
291 598 434 654 σείρια
479 594 726 655 καλοῦσιν,
777 597 923 653 τείρεα
966 591 1080 639 ὄντα
1115 595 1197 639 κατ’
1237 601 1402 650 σημεῖα

94 675 186 719 τῶν
218 674 479 737 πλεόντων,
540 672 779 738 respiciens
814 670 885 718 ille
921 682 962 718 et
1000 671 1057 718 ad
1093 691 1128 719 v.
1165 680 1320 736 τείρειν
1361 685 1402 721 et

95 754 153 801 ad
197 760 355 818 τέρας,
413 752 480 803 cll.
525 752 686 800 Scholl.
728 753 812 818 Ap.
864 752 947 800 Rh.
996 754 1051 810 ΙΙ,
1099 755 1210 811 519,
1257 753 1400 812 Phot.‚

92 834 326 882 Phavorin.
361 851 394 881 s.
431 853 466 881 v.
504 840 652 896 Σείρια
684 833 836 895 ἄστρα
857 832 1022 900 Ibycus
1055 834 1163 882 dixit
1193 835 1400 883 torrida:

90 930 325 981 perperam
347 915 564 978 originem
596 915 715 962 vocis
743 916 922 962 scrutati
953 915 1251 972 Grammatici,
1288 934 1400 980 quae

92 996 295 1044 cohaeret
320 1013 419 1042 cum
438 1002 603 1058 θέρος,
636 998 844 1059 θερινὸς,
881 1007 929 1043 ut
954 1004 1090 1058 τιριος
1121 1013 1203 1061 pro
1236 1001 1401 1058 θέρους

91 1075 375 1124 Cretensibus
422 1076 640 1142 placuisse
686 1077 835 1142 prodit
881 1077 1071 1144 IIesych.
1120 1094 1153 1123 s.
1203 1097 1266 1137 v.‚
1319 1079 1396 1126 cfr.

89 1157 318 1208 Schwenk.
356 1157 668 1224 etym-myth.
700 1158 908 1206 Andeutt.
938 1177 980 1224 p.
1006 1158 1113 1208 348.

498 1305 736 1370 Fragm.
794 1306 988 1354 XLVIII.

217 1400 361 1468 Etym.
398 1401 459 1448 M.
495 1420 538 1467 p.
575 1405 685 1460 703,
720 1397 798 1452 28.

190 1485 373 1543 Ῥῆγος.
408 1484 461 1528 τὸ
496 1487 764 1546 πορφυροῦν
797 1486 1105 1548 περιβόλαιον.
1150 1486 1271 1546 ρ’έξαι
1303 1485 1395 1545 γαρ

89 1565 143 1612 τὸ
174 1566 317 1628 βάψαι
351 1566 436 1610 καί
468 1561 564 1609 οἷον
596 1569 926 1622 μεταποιῆσαι.
964 1568 1035 1613 ὅτι
1067 1570 1115 1612 δέ
1149 1570 1394 1626 ρἐγεῖςῖλε,

88 1663 172 1707 γον
200 1647 307 1696 τοὺς
333 1651 488 1706 βαφεῖς
522 1648 604 1692 καί
636 1652 761 1707 ρ’ἐγος
794 1648 847 1692 τὸ
881 1648 1072 1710 βάμμα,
1107 1650 1246 1705 σαφὲς
1274 1650 1414 1704 Lfilvoc-¹

88 1730 233 1788 κρέων
265 1733 389 1773 ποιεῖ
408 1745 496 1772 —-:
549 1729 867 1790 ἁλιπόρφυρον
907 1733 1033 1789 ρέγος
1066 1756 1127 1765 ·—-
1163 1729 1244 1772 καί
1284 1731 1391 1786 megs

86 1808 309 1870 Ἰβύ-κῳ·
369 1813 622 1855 Ποικίλα
678 1815 960 1871 ρ’έγματα.
1059 1807 1206 1855 Varia
1258 1805 1394 1852 indu-

86 1896 254 1934 menta.

211 1968 438 2028 Ἀλιπόρφ.
474 1970 614 2030 ρ’ῆγος
652 1967 921 2016 Anacreonti
954 1966 1155 2014 tribuunt
1184 1966 1251 2013 Et.
1274 1964 1393 2015 Gud.

85 2065 128 2113 p.
162 2050 274 2104 492,
310 2050 386 2096 52.
420 2059 462 2096 et
498 2049 574 2114 qui
610 2067 660 2097 ex
687 2048 782 2097 cod.
818 2047 1000 2114 protulit
1034 2048 1181 2094 Ursin.
1215 2066 1256 2112 p.
1288 2047 1392 2094 140.

85 2139 240 2175 contra
270 2140 457 2177 mentem
485 2130 678 2177 Gramm.
746 2129 914 2176 Eadem
935 2129 1227 2176 Anacreontia
1249 2145 1393 2176 serva-

82 2208 142 2255 vit
175 2225 390 2273 oppresso
421 2212 598 2259 nomine
633 2212 793 2257 Zonar.
829 2211 885 2266 ΙΙ,
920 2228 962 2274 p.
995 2210 1157 2268 1608„
1201 2209 1281 2256 ubi
1315 2208 1392 2256 cfr.

81 2289 252 2355 Intpp.‚
285 2290 488 2339 Larcher.
520 2292 567 2339 in
602 2290 756 2339 Orion.
794 2288 935 2339 Theb.
970 2308 1012 2355 p.
1042 2291 1174 2348 139.‚
1211 2288 1392 2337 Salmas.

82 2368 140 2415 ad
170 2385 275 2415 serr.
305 2368 403 2417 hist.
430 2372 548 2434 Aug.
582 2373 638 2429 Π,
660 2390 703 2436 p.
727 2370 835 2419 484.
903 2371 977 2418 Ad
1010 2371 1163 2439 Ibycia
1188 2377 1396 2433 ρ’έγματα

81 2459 247 2514 spectat
289 2449 438 2513 glossa
480 2451 672 2519 Hesych.
707 2452 763 2510 ΙΙ,
798 2472 840 2518 p.
872 2453 1008 2500 1106.
1060 2458 1298 2514 ρ’έγματα,
1333 2452 1396 2496 τά

79 2532 319 2592 βάμματα.
387 2531 519 2579 Adde
555 2531 702 2579 Schol.
736 2535 843 2580 Ven.
881 2532 926 2580 Il.
963 2552 999 2599 ι,
1033 2534 1142 2584 657.
1191 2529 1395 2594 Prolegg.

77 2628 118 2675 p.
145 2611 220 2658 63.
271 2609 465 2659 Aberrat
497 2612 677 2660 Passov.
716 2614 817 2662 Lex.
854 2633 888 2663 s.
923 2633 959 2660 v.
