<?xml version="1.0" encoding="UTF-8"?>
<!DOCTYPE html PUBLIC "-//W3C//DTD XHTML 1.0 Transitional//EN"
    "http://www.w3.org/TR/xhtml1/DTD/xhtml1-transitional.dtd">
<html xmlns="http://www.w3.org/1999/xhtml" xml:lang="en" lang="en">
 <head>
  <title>
</title>
<meta http-equiv="Content-Type" content="text/html;charset=utf-8" />
  <meta name='ocr-system' content='tesseract 3.04.00' />
  <meta name='ocr-capabilities' content='ocr_page ocr_carea ocr_par ocr_line ocrx_word'/>
</head>
<body>
  <div class='ocr_page' id='page_1' title='image "./ibycirheginicarm00schnuoft_0245.png"; bbox 0 0 1677 3059; ppageno 0'>
   <div class='ocr_carea' id='block_1_1' title="bbox 595 178 1030 223">
    <p class='ocr_par' dir='ltr' id='par_1_1' title="bbox 595 178 1030 223">
     <span class='ocr_line' id='line_1_1' title="bbox 595 178 1030 223; baseline 0 0"><span class='ocrx_word' id='word_1_1' title='bbox 595 207 658 215; x_wconf 89' lang='lat'>—</span> <span class='ocrx_word' id='word_1_2' title='bbox 763 178 858 223; x_wconf 84' lang='lat'>215</span> <span class='ocrx_word' id='word_1_3' title='bbox 965 206 1030 215; x_wconf 92' lang='lat'>—</span> 
     </span>
    </p>
   </div>
   <div class='ocr_carea' id='block_1_2' title="bbox 106 316 1454 2150">
    <p class='ocr_par' dir='ltr' id='par_1_2' title="bbox 106 316 1454 1995">
     <span class='ocr_line' id='line_1_2' title="bbox 145 316 1454 384; baseline 0.005 -19"><span class='ocrx_word' id='word_1_4' title='bbox 145 318 304 367; x_wconf 82' lang='lat' dir='ltr'>Blomf.</span> <span class='ocrx_word' id='word_1_5' title='bbox 344 317 502 364; x_wconf 89' lang='lat' dir='ltr'>Aesch.</span> <span class='ocrx_word' id='word_1_6' title='bbox 539 316 622 380; x_wconf 85' lang='lat' dir='ltr'>Ag.</span> <span class='ocrx_word' id='word_1_7' title='bbox 669 317 776 365; x_wconf 82' lang='lat'>336.</span> <span class='ocrx_word' id='word_1_8' title='bbox 821 319 1047 365; x_wconf 75' lang='grc' dir='ltr'><em>ἀπλακεΐν</em></span> <span class='ocrx_word' id='word_1_9' title='bbox 1093 318 1159 366; x_wconf 91' lang='lat' dir='ltr'>vel</span> <span class='ocrx_word' id='word_1_10' title='bbox 1206 325 1454 384; x_wconf 74' lang='grc' dir='ltr'>οἷμβλακεῖν</span> 
     </span>
     <span class='ocr_line' id='line_1_3' title="bbox 143 398 1450 465; baseline 0.002 -19"><span class='ocrx_word' id='word_1_11' title='bbox 143 401 297 446; x_wconf 90' lang='lat' dir='ltr'>Ionum</span> <span class='ocrx_word' id='word_1_12' title='bbox 332 398 562 465; x_wconf 85' lang='lat' dir='ltr'>proprium</span> <span class='ocrx_word' id='word_1_13' title='bbox 597 408 814 454; x_wconf 82' lang='lat' dir='ltr'>autumat,</span> <span class='ocrx_word' id='word_1_14' title='bbox 851 401 1111 455; x_wconf 73' lang='grc' dir='ltr'><em>ἀμπλακεῖν</em></span> <span class='ocrx_word' id='word_1_15' title='bbox 1141 401 1338 448; x_wconf 90' lang='lat' dir='ltr'>Doribus</span> <span class='ocrx_word' id='word_1_16' title='bbox 1373 404 1450 449; x_wconf 87' lang='lat' dir='ltr'>ad-</span> 
     </span>
     <span class='ocr_line' id='line_1_4' title="bbox 141 478 1447 545; baseline 0.003 -20"><span class='ocrx_word' id='word_1_17' title='bbox 141 478 332 543; x_wconf 76' lang='lat' dir='ltr'>judicat,</span> <span class='ocrx_word' id='word_1_18' title='bbox 378 481 424 526; x_wconf 86' lang='lat' dir='ltr'>in</span> <span class='ocrx_word' id='word_1_19' title='bbox 461 498 548 545; x_wconf 86' lang='lat' dir='ltr'>qua</span> <span class='ocrx_word' id='word_1_20' title='bbox 577 478 728 543; x_wconf 83' lang='lat' dir='ltr'>regula</span> <span class='ocrx_word' id='word_1_21' title='bbox 762 480 1065 526; x_wconf 85' lang='lat' dir='ltr'>constituenda</span> <span class='ocrx_word' id='word_1_22' title='bbox 1106 481 1233 528; x_wconf 90' lang='lat' dir='ltr'>elusit</span> <span class='ocrx_word' id='word_1_23' title='bbox 1267 501 1447 530; x_wconf 82' lang='lat' dir='ltr'>acumen</span> 
     </span>
     <span class='ocr_line' id='line_1_5' title="bbox 139 559 1447 626; baseline 0.004 -20"><span class='ocrx_word' id='word_1_24' title='bbox 139 560 338 607; x_wconf 82' lang='lat' dir='ltr'>Britanni</span> <span class='ocrx_word' id='word_1_25' title='bbox 363 560 666 609; x_wconf 83' lang='lat' dir='ltr'>inemendatus</span> <span class='ocrx_word' id='word_1_26' title='bbox 700 559 822 607; x_wconf 85' lang='lat' dir='ltr'>loeus</span> <span class='ocrx_word' id='word_1_27' title='bbox 850 560 1041 626; x_wconf 87' lang='lat' dir='ltr'>Ibycius.</span> <span class='ocrx_word' id='word_1_28' title='bbox 1110 563 1315 610; x_wconf 83' lang='lat' dir='ltr'>Relicuos</span> <span class='ocrx_word' id='word_1_29' title='bbox 1340 565 1447 611; x_wconf 84' lang='lat' dir='ltr'>scri-</span> 
     </span>
     <span class='ocr_line' id='line_1_6' title="bbox 136 640 1445 708; baseline 0.002 -21"><span class='ocrx_word' id='word_1_30' title='bbox 136 651 285 704; x_wconf 80' lang='lat' dir='ltr'>ptores</span> <span class='ocrx_word' id='word_1_31' title='bbox 319 641 541 690; x_wconf 82' lang='lat' dir='ltr'>infucasse</span> <span class='ocrx_word' id='word_1_32' title='bbox 569 651 723 708; x_wconf 87' lang='lat' dir='ltr'>poetae</span> <span class='ocrx_word' id='word_1_33' title='bbox 756 640 1016 706; x_wconf 81' lang='lat' dir='ltr'>scripturam</span> <span class='ocrx_word' id='word_1_34' title='bbox 1048 642 1155 689; x_wconf 89' lang='lat' dir='ltr'>nihil</span> <span class='ocrx_word' id='word_1_35' title='bbox 1181 645 1351 690; x_wconf 85' lang='lat' dir='ltr'>mirum.</span> <span class='ocrx_word' id='word_1_36' title='bbox 1379 674 1445 681; x_wconf 85' lang='lat'>——</span> 
     </span>
     <span class='ocr_line' id='line_1_7' title="bbox 138 720 1441 788; baseline 0.002 -21"><span class='ocrx_word' id='word_1_37' title='bbox 138 720 354 768; x_wconf 84' lang='lat' dir='ltr'>Clarkiani</span> <span class='ocrx_word' id='word_1_38' title='bbox 387 721 497 768; x_wconf 87' lang='lat' dir='ltr'>illud</span> <span class='ocrx_word' id='word_1_39' title='bbox 530 724 670 778; x_wconf 75' lang='grc' dir='ltr'><em>τιμᾶν</em></span> <span class='ocrx_word' id='word_1_40' title='bbox 706 721 836 786; x_wconf 84' lang='lat' dir='ltr'>quid,</span> <span class='ocrx_word' id='word_1_41' title='bbox 876 722 912 767; x_wconf 86' lang='lat' dir='ltr'>si</span> <span class='ocrx_word' id='word_1_42' title='bbox 946 741 1093 783; x_wconf 81' lang='lat' dir='ltr'>verum</span> <span class='ocrx_word' id='word_1_43' title='bbox 1126 723 1282 770; x_wconf 74' lang='lat' dir='ltr'>suerit?</span> <span class='ocrx_word' id='word_1_44' title='bbox 1320 724 1441 788; x_wconf 77' lang='lat' dir='ltr'>quid,</span> 
     </span>
     <span class='ocr_line' id='line_1_8' title="bbox 134 800 1438 868; baseline 0.003 -22"><span class='ocrx_word' id='word_1_45' title='bbox 134 800 170 846; x_wconf 92' lang='lat' dir='ltr'>si</span> <span class='ocrx_word' id='word_1_46' title='bbox 205 801 328 848; x_wconf 86' lang='lat' dir='ltr'>Plato</span> <span class='ocrx_word' id='word_1_47' title='bbox 359 802 556 858; x_wconf 81' lang='lat' dir='ltr'>reticuit,</span> <span class='ocrx_word' id='word_1_48' title='bbox 593 813 641 848; x_wconf 89' lang='lat' dir='ltr'>ut</span> <span class='ocrx_word' id='word_1_49' title='bbox 672 802 781 850; x_wconf 89' lang='lat' dir='ltr'>solet</span> <span class='ocrx_word' id='word_1_50' title='bbox 813 803 857 849; x_wconf 88' lang='lat' dir='ltr'>in</span> <span class='ocrx_word' id='word_1_51' title='bbox 893 803 1117 849; x_wconf 86' lang='lat' dir='ltr'>versiculis</span> <span class='ocrx_word' id='word_1_52' title='bbox 1155 823 1235 868; x_wconf 87' lang='lat' dir='ltr'>per</span> <span class='ocrx_word' id='word_1_53' title='bbox 1258 823 1333 850; x_wconf 83' lang='lat' dir='ltr'>ora</span> <span class='ocrx_word' id='word_1_54' title='bbox 1360 804 1438 850; x_wconf 81' lang='lat' dir='ltr'>ho-</span> 
     </span>
     <span class='ocr_line' id='line_1_9' title="bbox 131 881 1437 950; baseline 0.003 -22"><span class='ocrx_word' id='word_1_55' title='bbox 131 882 295 929; x_wconf 89' lang='lat' dir='ltr'>minum</span> <span class='ocrx_word' id='word_1_56' title='bbox 333 881 586 939; x_wconf 86' lang='lat' dir='ltr'>celebratis,</span> <span class='ocrx_word' id='word_1_57' title='bbox 625 901 736 947; x_wconf 91' lang='lat' dir='ltr'>quae</span> <span class='ocrx_word' id='word_1_58' title='bbox 766 882 1066 947; x_wconf 80' lang='lat' dir='ltr'>sequebantur</span> <span class='ocrx_word' id='word_1_59' title='bbox 1090 896 1243 950; x_wconf 86' lang='lat' dir='ltr'>poetae</span> <span class='ocrx_word' id='word_1_60' title='bbox 1279 885 1437 932; x_wconf 63' lang='lat' dir='ltr'>verba?</span> 
     </span>
     <span class='ocr_line' id='line_1_10' title="bbox 129 961 1436 1029; baseline 0.001 -19"><span class='ocrx_word' id='word_1_61' title='bbox 129 963 247 1011; x_wconf 87' lang='lat' dir='ltr'>unde</span> <span class='ocrx_word' id='word_1_62' title='bbox 280 961 418 1009; x_wconf 88' lang='lat' dir='ltr'>facilis</span> <span class='ocrx_word' id='word_1_63' title='bbox 456 962 615 1009; x_wconf 82' lang='lat' dir='ltr'>exstitit</span> <span class='ocrx_word' id='word_1_64' title='bbox 649 962 833 1009; x_wconf 89' lang='lat' dir='ltr'>aliorum</span> <span class='ocrx_word' id='word_1_65' title='bbox 862 961 1024 1028; x_wconf 89' lang='lat' dir='ltr'>lapsus.</span> <span class='ocrx_word' id='word_1_66' title='bbox 1093 967 1203 1011; x_wconf 88' lang='lat' dir='ltr'>Nam</span> <span class='ocrx_word' id='word_1_67' title='bbox 1229 964 1320 1011; x_wconf 78' lang='lat' dir='ltr'>lieri</span> <span class='ocrx_word' id='word_1_68' title='bbox 1340 976 1436 1029; x_wconf 87' lang='lat' dir='ltr'>pot-</span> 
     </span>
     <span class='ocr_line' id='line_1_11' title="bbox 129 1042 1435 1101; baseline 0.001 -12"><span class='ocrx_word' id='word_1_69' title='bbox 129 1054 207 1099; x_wconf 69' lang='grc' dir='ltr'>θεῖ,</span> <span class='ocrx_word' id='word_1_70' title='bbox 245 1054 292 1089; x_wconf 83' lang='lat' dir='ltr'>ut</span> <span class='ocrx_word' id='word_1_71' title='bbox 314 1042 424 1089; x_wconf 90' lang='lat' dir='ltr'>illud</span> <span class='ocrx_word' id='word_1_72' title='bbox 446 1047 584 1101; x_wconf 77' lang='grc' dir='ltr'><em>τιμᾶν</em></span> <span class='ocrx_word' id='word_1_73' title='bbox 606 1044 662 1090; x_wconf 87' lang='lat' dir='ltr'>sit</span> <span class='ocrx_word' id='word_1_74' title='bbox 684 1055 886 1090; x_wconf 83' lang='lat' dir='ltr'>neutrum</span> <span class='ocrx_word' id='word_1_75' title='bbox 912 1045 1076 1092; x_wconf 80' lang='lat' dir='ltr'>Dorico</span> <span class='ocrx_word' id='word_1_76' title='bbox 1106 1046 1261 1092; x_wconf 82' lang='lat' dir='ltr'>elatum</span> <span class='ocrx_word' id='word_1_77' title='bbox 1284 1056 1435 1091; x_wconf 86' lang='lat' dir='ltr'>tenore</span> 
     </span>
     <span class='ocr_line' id='line_1_12' title="bbox 127 1123 1431 1190; baseline 0.001 -20"><span class='ocrx_word' id='word_1_78' title='bbox 127 1123 327 1188; x_wconf 75' lang='lat' dir='ltr'>adjectivi</span> <span class='ocrx_word' id='word_1_79' title='bbox 364 1127 524 1187; x_wconf 82' lang='grc' dir='ltr'><strong><em>τιμῆς,</em></strong></span> <span class='ocrx_word' id='word_1_80' title='bbox 559 1127 792 1185; x_wconf 78' lang='grc' dir='ltr'><em>τιμῆσσα,</em></span> <span class='ocrx_word' id='word_1_81' title='bbox 825 1127 993 1187; x_wconf 72' lang='grc' dir='ltr'><em>τιμῆν,</em></span> <span class='ocrx_word' id='word_1_82' title='bbox 1030 1125 1275 1189; x_wconf 80' lang='lat' dir='ltr'>eujusmodi</span> <span class='ocrx_word' id='word_1_83' title='bbox 1307 1125 1431 1190; x_wconf 83' lang='lat' dir='ltr'>plura</span> 
     </span>
     <span class='ocr_line' id='line_1_13' title="bbox 123 1203 1430 1271; baseline 0 -20"><span class='ocrx_word' id='word_1_84' title='bbox 123 1203 376 1268; x_wconf 84' lang='lat' dir='ltr'>suppeditat</span> <span class='ocrx_word' id='word_1_85' title='bbox 418 1204 634 1251; x_wconf 87' lang='lat' dir='ltr'>Choerob.</span> <span class='ocrx_word' id='word_1_86' title='bbox 681 1205 723 1251; x_wconf 90' lang='lat' dir='ltr'>in</span> <span class='ocrx_word' id='word_1_87' title='bbox 769 1204 990 1250; x_wconf 75' lang='lat' dir='ltr'>Theodos.</span> <span class='ocrx_word' id='word_1_88' title='bbox 1027 1205 1159 1251; x_wconf 74' lang='lat' dir='ltr'>Bekk.</span> <span class='ocrx_word' id='word_1_89' title='bbox 1196 1225 1237 1271; x_wconf 86' lang='lat' dir='ltr'>p.</span> <span class='ocrx_word' id='word_1_90' title='bbox 1278 1207 1430 1262; x_wconf 69' lang='lat'>1188,</span> 
     </span>
     <span class='ocr_line' id='line_1_14' title="bbox 120 1283 1430 1348; baseline 0.002 -18"><span class='ocrx_word' id='word_1_91' title='bbox 120 1283 363 1331; x_wconf 88' lang='lat' dir='ltr'>obductum</span> <span class='ocrx_word' id='word_1_92' title='bbox 397 1295 538 1332; x_wconf 84' lang='lat' dir='ltr'>autem</span> <span class='ocrx_word' id='word_1_93' title='bbox 570 1285 626 1332; x_wconf 85' lang='lat' dir='ltr'>sit</span> <span class='ocrx_word' id='word_1_94' title='bbox 661 1285 837 1332; x_wconf 83' lang='lat' dir='ltr'>alterius</span> <span class='ocrx_word' id='word_1_95' title='bbox 873 1284 1072 1331; x_wconf 77' lang='lat' dir='ltr'>versiculi</span> <span class='ocrx_word' id='word_1_96' title='bbox 1109 1285 1172 1332; x_wconf 75' lang='lat' dir='ltr'>vel</span> <span class='ocrx_word' id='word_1_97' title='bbox 1204 1292 1335 1348; x_wconf 72' lang='grc' dir='ltr'><em>γέρας</em></span> <span class='ocrx_word' id='word_1_98' title='bbox 1365 1285 1430 1333; x_wconf 80' lang='lat' dir='ltr'>vel</span> 
     </span>
     <span class='ocr_line' id='line_1_15' title="bbox 119 1363 1427 1430; baseline 0.002 -20"><span class='ocrx_word' id='word_1_99' title='bbox 119 1363 259 1411; x_wconf 88' lang='lat' dir='ltr'>simile</span> <span class='ocrx_word' id='word_1_100' title='bbox 293 1366 442 1413; x_wconf 90' lang='lat' dir='ltr'>nescio</span> <span class='ocrx_word' id='word_1_101' title='bbox 470 1366 591 1430; x_wconf 90' lang='lat' dir='ltr'>quid.</span> <span class='ocrx_word' id='word_1_102' title='bbox 661 1366 838 1412; x_wconf 84' lang='lat' dir='ltr'>Interim</span> <span class='ocrx_word' id='word_1_103' title='bbox 863 1383 952 1411; x_wconf 90' lang='lat' dir='ltr'>non</span> <span class='ocrx_word' id='word_1_104' title='bbox 987 1364 1300 1430; x_wconf 82' lang='lat' dir='ltr'>dereliquimus</span> <span class='ocrx_word' id='word_1_105' title='bbox 1335 1365 1427 1412; x_wconf 85' lang='lat' dir='ltr'>vul-</span> 
     </span>
     <span class='ocr_line' id='line_1_16' title="bbox 117 1446 1426 1508; baseline 0.001 -17"><span class='ocrx_word' id='word_1_106' title='bbox 117 1456 286 1508; x_wconf 80' lang='lat' dir='ltr'>gatum3</span> <span class='ocrx_word' id='word_1_107' title='bbox 342 1447 567 1494; x_wconf 83' lang='lat' dir='ltr'>monuisse</span> <span class='ocrx_word' id='word_1_108' title='bbox 616 1457 682 1493; x_wconf 84' lang='lat' dir='ltr'>sat</span> <span class='ocrx_word' id='word_1_109' title='bbox 726 1456 801 1491; x_wconf 90' lang='lat' dir='ltr'>est.</span> <span class='ocrx_word' id='word_1_110' title='bbox 838 1474 898 1481; x_wconf 89' lang='lat'>-—</span> <span class='ocrx_word' id='word_1_111' title='bbox 987 1446 1215 1493; x_wconf 86' lang='lat' dir='ltr'>Postremo</span> <span class='ocrx_word' id='word_1_112' title='bbox 1263 1446 1426 1493; x_wconf 87' lang='lat' dir='ltr'>Suidae</span> 
     </span>
     <span class='ocr_line' id='line_1_17' title="bbox 115 1527 1424 1592; baseline -0.002 -18"><span class='ocrx_word' id='word_1_113' title='bbox 115 1530 303 1585; x_wconf 71' lang='grc' dir='ltr'><em>ἀμεῖψαι</em></span> <span class='ocrx_word' id='word_1_114' title='bbox 346 1528 426 1574; x_wconf 88' lang='lat' dir='ltr'>erit</span> <span class='ocrx_word' id='word_1_115' title='bbox 458 1527 641 1574; x_wconf 79' lang='lat' dir='ltr'>forsitan</span> <span class='ocrx_word' id='word_1_116' title='bbox 678 1527 753 1592; x_wconf 88' lang='lat' dir='ltr'>qui</span> <span class='ocrx_word' id='word_1_117' title='bbox 786 1527 831 1573; x_wconf 87' lang='lat' dir='ltr'>in</span> <span class='ocrx_word' id='word_1_118' title='bbox 871 1531 1058 1586; x_wconf 74' lang='grc' dir='ltr'><em>ἀμεῖψαι</em></span> <span class='ocrx_word' id='word_1_119' title='bbox 1091 1527 1424 1592; x_wconf 83' lang='lat' dir='ltr'>transscriptum</span> 
     </span>
     <span class='ocr_line' id='line_1_18' title="bbox 115 1606 1424 1673; baseline -0.002 -18"><span class='ocrx_word' id='word_1_120' title='bbox 115 1626 212 1656; x_wconf 87' lang='lat' dir='ltr'>cum</span> <span class='ocrx_word' id='word_1_121' title='bbox 260 1607 440 1673; x_wconf 84' lang='lat' dir='ltr'>exempl.</span> <span class='ocrx_word' id='word_1_122' title='bbox 483 1607 664 1654; x_wconf 83' lang='lat' dir='ltr'>Mediol.</span> <span class='ocrx_word' id='word_1_123' title='bbox 697 1626 846 1654; x_wconf 85' lang='lat' dir='ltr'>verum</span> <span class='ocrx_word' id='word_1_124' title='bbox 882 1606 1064 1664; x_wconf 82' lang='lat' dir='ltr'>liabeat;</span> <span class='ocrx_word' id='word_1_125' title='bbox 1123 1620 1164 1654; x_wconf 85' lang='lat' dir='ltr'>et</span> <span class='ocrx_word' id='word_1_126' title='bbox 1197 1608 1424 1673; x_wconf 83' lang='lat' dir='ltr'>usurpavit</span> 
     </span>
     <span class='ocr_line' id='line_1_19' title="bbox 111 1687 1423 1753; baseline -0.001 -18"><span class='ocrx_word' id='word_1_127' title='bbox 111 1687 296 1735; x_wconf 85' lang='lat' dir='ltr'>laudans</span> <span class='ocrx_word' id='word_1_128' title='bbox 333 1687 478 1734; x_wconf 89' lang='lat' dir='ltr'>locum</span> <span class='ocrx_word' id='word_1_129' title='bbox 513 1687 720 1752; x_wconf 86' lang='lat' dir='ltr'>Stephan.</span> <span class='ocrx_word' id='word_1_130' title='bbox 753 1688 883 1734; x_wconf 88' lang='lat' dir='ltr'>Thes.</span> <span class='ocrx_word' id='word_1_131' title='bbox 920 1687 1060 1734; x_wconf 80' lang='lat' dir='ltr'>Lond.</span> <span class='ocrx_word' id='word_1_132' title='bbox 1097 1707 1139 1753; x_wconf 90' lang='lat' dir='ltr'>p.</span> <span class='ocrx_word' id='word_1_133' title='bbox 1167 1688 1308 1735; x_wconf 68' lang='lat'>4402.</span> <span class='ocrx_word' id='word_1_134' title='bbox 1364 1688 1423 1734; x_wconf 83' lang='lat' dir='ltr'>At</span> 
     </span>
     <span class='ocr_line' id='line_1_20' title="bbox 111 1766 1422 1816; baseline 0 -2"><span class='ocrx_word' id='word_1_135' title='bbox 111 1768 159 1815; x_wconf 87' lang='lat' dir='ltr'>id</span> <span class='ocrx_word' id='word_1_136' title='bbox 190 1780 231 1816; x_wconf 86' lang='lat' dir='ltr'>et</span> <span class='ocrx_word' id='word_1_137' title='bbox 265 1769 320 1816; x_wconf 88' lang='lat' dir='ltr'>ab</span> <span class='ocrx_word' id='word_1_138' title='bbox 357 1786 446 1815; x_wconf 90' lang='lat' dir='ltr'>uno</span> <span class='ocrx_word' id='word_1_139' title='bbox 482 1766 578 1814; x_wconf 85' lang='lat' dir='ltr'>loco</span> <span class='ocrx_word' id='word_1_140' title='bbox 610 1768 774 1815; x_wconf 87' lang='lat' dir='ltr'>Suidae</span> <span class='ocrx_word' id='word_1_141' title='bbox 810 1767 1010 1815; x_wconf 81' lang='lat' dir='ltr'>tenellam</span> <span class='ocrx_word' id='word_1_142' title='bbox 1048 1767 1180 1815; x_wconf 87' lang='lat' dir='ltr'>fidem</span> <span class='ocrx_word' id='word_1_143' title='bbox 1217 1769 1349 1816; x_wconf 82' lang='lat' dir='ltr'>habet</span> <span class='ocrx_word' id='word_1_144' title='bbox 1382 1779 1422 1815; x_wconf 86' lang='lat' dir='ltr'>et</span> 
     </span>
     <span class='ocr_line' id='line_1_21' title="bbox 108 1847 1420 1913; baseline 0.001 -19"><span class='ocrx_word' id='word_1_145' title='bbox 108 1847 251 1895; x_wconf 91' lang='lat' dir='ltr'>lenius</span> <span class='ocrx_word' id='word_1_146' title='bbox 274 1860 352 1906; x_wconf 86' lang='lat' dir='ltr'>est,</span> <span class='ocrx_word' id='word_1_147' title='bbox 385 1867 516 1913; x_wconf 87' lang='lat' dir='ltr'>quam</span> <span class='ocrx_word' id='word_1_148' title='bbox 541 1849 778 1896; x_wconf 82' lang='lat' dir='ltr'>sententiae</span> <span class='ocrx_word' id='word_1_149' title='bbox 812 1849 989 1913; x_wconf 87' lang='lat' dir='ltr'>pondus</span> <span class='ocrx_word' id='word_1_150' title='bbox 1023 1848 1200 1912; x_wconf 83' lang='lat' dir='ltr'>flagitat.</span> <span class='ocrx_word' id='word_1_151' title='bbox 1267 1850 1420 1913; x_wconf 86' lang='lat' dir='ltr'>Itaque</span> 
     </span>
     <span class='ocr_line' id='line_1_22' title="bbox 106 1929 1095 1995; baseline 0.001 -19"><span class='ocrx_word' id='word_1_152' title='bbox 106 1941 244 1976; x_wconf 82' lang='lat' dir='ltr'>totum</span> <span class='ocrx_word' id='word_1_153' title='bbox 281 1929 435 1993; x_wconf 82' lang='lat' dir='ltr'>fragm.</span> <span class='ocrx_word' id='word_1_154' title='bbox 474 1930 587 1976; x_wconf 82' lang='lat' dir='ltr'>hanc</span> <span class='ocrx_word' id='word_1_155' title='bbox 622 1929 806 1976; x_wconf 86' lang='lat' dir='ltr'>formam</span> <span class='ocrx_word' id='word_1_156' title='bbox 842 1929 1095 1995; x_wconf 83' lang='lat' dir='ltr'>praebebit:</span> 
     </span>
    </p>

    <p class='ocr_par' dir='ltr' id='par_1_3' title="bbox 170 2010 1416 2074">
     <span class='ocr_line' id='line_1_23' title="bbox 170 2010 1416 2074; baseline -0.001 -17"><span class='ocrx_word' id='word_1_157' title='bbox 170 2011 247 2067; x_wconf 85' lang='grc' dir='ltr'>Μή</span> <span class='ocrx_word' id='word_1_158' title='bbox 281 2028 325 2057; x_wconf 84' lang='grc' dir='ltr'>τι</span> <span class='ocrx_word' id='word_1_159' title='bbox 353 2014 448 2074; x_wconf 74' lang='grc' dir='ltr'>πὰρ</span> <span class='ocrx_word' id='word_1_160' title='bbox 482 2019 606 2062; x_wconf 81' lang='grc' dir='ltr'><strong><em>θεοῖς</em></strong></span> <span class='ocrx_word' id='word_1_161' title='bbox 633 2013 890 2074; x_wconf 78' lang='grc' dir='ltr'><em>οέμβλακών</em></span> <span class='ocrx_word' id='word_1_162' title='bbox 922 2012 1061 2067; x_wconf 71' lang='grc' dir='ltr'><em>τιμάν</em></span> <span class='ocrx_word' id='word_1_163' title='bbox 1089 2012 1201 2072; x_wconf 77' lang='grc' dir='ltr'><em>πρὸς</em></span> <span class='ocrx_word' id='word_1_164' title='bbox 1230 2010 1416 2073; x_wconf 76' lang='grc' dir='ltr'><em>ἀνθρώ-</em></span> 
     </span>
    </p>

    <p class='ocr_par' dir='ltr' id='par_1_4' title="bbox 851 2095 1178 2150">
     <span class='ocr_line' id='line_1_24' title="bbox 851 2095 1178 2150; baseline -0.003 -12"><span class='ocrx_word' id='word_1_165' title='bbox 851 2109 953 2138; x_wconf 81' lang='grc' dir='ltr'>πων</span> <span class='ocrx_word' id='word_1_166' title='bbox 987 2095 1178 2150; x_wconf 75' lang='grc' dir='ltr'><em>οέμείψω.</em></span> 
     </span>
    </p>
   </div>
   <div class='ocr_carea' id='block_1_3' title="bbox 170 2208 1031 2225">
    <p class='ocr_par' dir='ltr' id='par_1_5' title="bbox 170 2208 1031 2225">
     <span class='ocr_line' id='line_1_25' title="bbox 170 2208 1031 2225; baseline 0.001 -1"><span class='ocrx_word' id='word_1_167' title='bbox 170 2208 1031 2225; x_wconf 71' lang='lat' dir='ltr'>——U———v———u———u—--—</span> 
     </span>
    </p>
   </div>
   <div class='ocr_carea' id='block_1_4' title="bbox 103 2241 1411 2473">
    <p class='ocr_par' dir='ltr' id='par_1_6' title="bbox 103 2241 1411 2473">
     <span class='ocr_line' id='line_1_26' title="bbox 211 2241 1411 2311; baseline 0.002 -24"><span class='ocrx_word' id='word_1_168' title='bbox 211 2244 285 2288; x_wconf 81' lang='lat' dir='ltr'>Ne</span> <span class='ocrx_word' id='word_1_169' title='bbox 317 2242 440 2307; x_wconf 75' lang='lat' dir='ltr'>quid</span> <span class='ocrx_word' id='word_1_170' title='bbox 466 2246 515 2290; x_wconf 87' lang='lat' dir='ltr'>in</span> <span class='ocrx_word' id='word_1_171' title='bbox 550 2245 640 2292; x_wconf 83' lang='lat' dir='ltr'>diis</span> <span class='ocrx_word' id='word_1_172' title='bbox 672 2245 943 2311; x_wconf 74' lang='lat' dir='ltr'>delinquens</span> <span class='ocrx_word' id='word_1_173' title='bbox 976 2243 1201 2290; x_wconf 80' lang='lat' dir='ltr'>honorem</span> <span class='ocrx_word' id='word_1_174' title='bbox 1234 2243 1294 2290; x_wconf 84' lang='lat' dir='ltr'>ab</span> <span class='ocrx_word' id='word_1_175' title='bbox 1329 2241 1411 2289; x_wconf 80' lang='lat' dir='ltr'>ho-</span> 
     </span>
     <span class='ocr_line' id='line_1_27' title="bbox 103 2322 798 2390; baseline 0.01 -24"><span class='ocrx_word' id='word_1_176' title='bbox 103 2322 307 2368; x_wconf 75' lang='lat' dir='ltr'>minibus</span> <span class='ocrx_word' id='word_1_177' title='bbox 341 2323 537 2369; x_wconf 64' lang='lat' dir='ltr'>vicissim</span> <span class='ocrx_word' id='word_1_178' title='bbox 566 2328 798 2390; x_wconf 74' lang='lat' dir='ltr'>recipiam.</span> 
     </span>
     <span class='ocr_line' id='line_1_28' title="bbox 226 2406 1408 2473; baseline 0.002 -20"><span class='ocrx_word' id='word_1_179' title='bbox 226 2406 378 2473; x_wconf 84' lang='lat' dir='ltr'>Inepte</span> <span class='ocrx_word' id='word_1_180' title='bbox 423 2409 537 2456; x_wconf 89' lang='lat' dir='ltr'>enim</span> <span class='ocrx_word' id='word_1_181' title='bbox 577 2411 733 2461; x_wconf 87' lang='lat' dir='ltr'>Aemil.</span> <span class='ocrx_word' id='word_1_182' title='bbox 778 2413 939 2459; x_wconf 86' lang='lat' dir='ltr'>Portus</span> <span class='ocrx_word' id='word_1_183' title='bbox 980 2411 1027 2458; x_wconf 89' lang='lat' dir='ltr'>in</span> <span class='ocrx_word' id='word_1_184' title='bbox 1070 2422 1177 2457; x_wconf 81' lang='lat' dir='ltr'>nott.</span> <span class='ocrx_word' id='word_1_185' title='bbox 1222 2408 1279 2456; x_wconf 85' lang='lat' dir='ltr'>ad</span> <span class='ocrx_word' id='word_1_186' title='bbox 1312 2428 1408 2456; x_wconf 84' lang='lat' dir='ltr'>nov.</span> 
     </span>
    </p>
   </div>
   <div class='ocr_carea' id='block_1_5' title="bbox 98 2485 1409 2638">
    <p class='ocr_par' dir='ltr' id='par_1_7' title="bbox 98 2485 1409 2638">
     <span class='ocr_line' id='line_1_29' title="bbox 98 2485 1409 2558; baseline 0.002 -26"><span class='ocrx_word' id='word_1_187' title='bbox 98 2485 178 2553; x_wconf 86' lang='lat' dir='ltr'>lyr.</span> <span class='ocrx_word' id='word_1_188' title='bbox 214 2506 256 2552; x_wconf 89' lang='lat' dir='ltr'>p.</span> <span class='ocrx_word' id='word_1_189' title='bbox 294 2488 399 2536; x_wconf 84' lang='lat'>187.</span> <span class='ocrx_word' id='word_1_190' title='bbox 447 2490 701 2549; x_wconf 78' lang='lat' dir='ltr'>»Verebar‚</span> <span class='ocrx_word' id='word_1_191' title='bbox 743 2512 798 2540; x_wconf 88' lang='lat' dir='ltr'>ne</span> <span class='ocrx_word' id='word_1_192' title='bbox 835 2492 942 2558; x_wconf 87' lang='lat' dir='ltr'>quid</span> <span class='ocrx_word' id='word_1_193' title='bbox 976 2492 1022 2537; x_wconf 87' lang='lat' dir='ltr'>in</span> <span class='ocrx_word' id='word_1_194' title='bbox 1062 2490 1168 2536; x_wconf 85' lang='lat' dir='ltr'>deos</span> <span class='ocrx_word' id='word_1_195' title='bbox 1204 2488 1409 2536; x_wconf 86' lang='lat' dir='ltr'>delictum</span> 
     </span>
     <span class='ocr_line' id='line_1_30' title="bbox 99 2565 1408 2638; baseline 0.001 -24"><span class='ocrx_word' id='word_1_196' title='bbox 99 2565 399 2628; x_wconf 82' lang='lat' dir='ltr'>admisissem,</span> <span class='ocrx_word' id='word_1_197' title='bbox 450 2587 533 2635; x_wconf 90' lang='lat' dir='ltr'>pro</span> <span class='ocrx_word' id='word_1_198' title='bbox 574 2590 664 2636; x_wconf 89' lang='lat' dir='ltr'>quo</span> <span class='ocrx_word' id='word_1_199' title='bbox 707 2574 897 2621; x_wconf 83' lang='lat' dir='ltr'>vicissim</span> <span class='ocrx_word' id='word_1_200' title='bbox 946 2588 1113 2638; x_wconf 87' lang='lat' dir='ltr'>poenas</span> <span class='ocrx_word' id='word_1_201' title='bbox 1155 2568 1408 2616; x_wconf 86' lang='lat' dir='ltr'>hominibus</span> 
     </span>
    </p>
   </div>
  </div>
 </body>
</html>
