1677 3059
663 225 1098 272 —42—

225 364 408 433 Ibycum
442 362 527 411 sibi
561 361 799 412 indulsisse
832 363 1007 430 saepius
1049 364 1306 413 videbimus.
1388 365 1525 414 Stesi-

225 445 346 493 chori
381 445 634 492 memoriam
671 463 722 492 eo
755 446 1038 510 repetendam
1079 445 1218 503 duco,
1269 446 1389 511 quod
1429 448 1523 495 aliis

223 526 328 574 locis
364 526 685 573 Grammaticus
721 525 899 574 eosdem
933 526 1205 574 consociatos
1241 527 1415 576 viderat.

347 607 426 654 Est
458 618 705 672 praeterea,
748 606 826 654 ubi
863 607 935 654 alii
970 606 1208 654 Stesichori
1240 606 1373 654 fidem
1403 621 1522 657 ante-

218 699 413 745 stantur‚
466 686 523 734 ad
556 686 681 754 Ibyci
717 688 1014 735 auctoritatem
1045 686 1306 749 confugiunt
1340 688 1436 747 alii,
1481 709 1520 736 v.

216 767 482 831 fi=gm.-XIV‚
514 767 593 814 ubi
617 787 697 833 pro
730 769 882 837 Ibyco,
916 767 1183 826 Alexandro,
1220 768 1520 834 Euphorione,

213 847 531 915 Lycophrone‚
567 848 745 897 Tzetzes
780 849 929 915 posuit
960 848 1284 906 Stesichorum,
1328 849 1520 896 Alexan-

213 927 366 986 drum,
400 928 741 994 Euphorionem.
811 931 903 978 Sed
925 929 1008 976 hoc
1035 930 1176 995 quivis
1206 930 1336 988 videt,
1370 929 1516 977 Schol.

211 1009 429 1057 Homerici
466 1009 595 1072 longe
631 1011 840 1074 majorem
875 1029 970 1057 esse
1005 1010 1328 1068 auctoritatem,
1385 1028 1519 1076 quam

210 1089 416 1146 Tzetzae;
476 1091 545 1137 cui
580 1090 747 1137 homini
783 1108 919 1154 quum
956 1090 1119 1157 Ibycus
1161 1090 1354 1154 ignotior
1388 1103 1515 1151 esset,

209 1187 261 1215 cx
294 1169 437 1217 Schol.
473 1172 600 1218 Hom.
637 1171 683 1218 Il.
719 1172 881 1228 XXIV,
915 1173 1050 1229 259,
1087 1173 1163 1236 qui
1198 1172 1256 1218 ad
1293 1172 1515 1220 Stesicho-

206 1268 303 1296 rum
345 1269 482 1298 unum
528 1253 575 1299 in
621 1253 773 1299 eadem
818 1270 973 1298 caussa
1015 1263 1246 1317 provocat,
1298 1253 1514 1301 notiorem

205 1329 292 1377 sibi
324 1329 623 1378 Stesichorum
657 1332 827 1379 videtur
862 1332 1154 1380 substituisse.
1236 1335 1297 1381 Ut
1329 1346 1513 1400 uterque

203 1421 332 1477 poeta
365 1409 424 1457 ita
462 1411 704 1460 decrevisse
737 1412 947 1460 videatur.
1038 1414 1201 1461 Similis
1236 1432 1360 1461 error
1392 1432 1511 1461 com·

202 1492 363 1539 missus
401 1503 465 1539 est
499 1494 545 1540 in
580 1493 739 1540 Scholl.
776 1494 861 1559 Ap.
897 1494 980 1540 Rh.
1013 1494 1088 1550 IV,
1128 1496 1274 1553 1213,
1309 1495 1388 1542 ubi
1425 1496 1508 1542 Co-

200 1573 394 1620 rinthum
435 1574 660 1642 Ephyram
702 1586 896 1623 vocatam
942 1593 1036 1622 esse
1074 1593 1097 1621 a
1133 1575 1220 1622 filia
1263 1576 1429 1624 Oceani
1467 1589 1508 1624 et

200 1653 420 1721 Tethyos,
466 1656 711 1721 Epimethei
747 1674 904 1713 uxore,
952 1654 1133 1702 Eumelo
1170 1668 1345 1704 auctore
1379 1657 1508 1706 docet

199 1736 344 1783 Schol.
380 1735 519 1799 vulg.‚
568 1737 644 1783 cfr.
678 1737 807 1783 Paus.
842 1737 897 1793 ΙΙ,
937 1737 979 1793 1,
1016 1737 1055 1782 1.
1124 1736 1212 1783 Pro
1246 1737 1428 1785 Eumelo
1459 1739 1506 1786 in

198 1816 358 1865 Scholl.
404 1816 543 1864 Paris.
592 1815 833 1864 Simonidis
876 1835 1036 1864 nomen
1083 1829 1325 1882 comparet,
1383 1820 1504 1883 quod

197 1899 338 1965 quivis
377 1898 580 1961 intelligit
614 1916 704 1945 non
737 1916 818 1963 pro
862 1898 973 1945 mira
1015 1897 1216 1944 varietate
1248 1896 1502 1947 habendum

196 1997 291 2027 esse
324 1997 424 2026 cum
458 1978 738 2027 Wellauero.
817 1977 908 2026 Sed
941 1989 1124 2043 uterque
1157 1989 1284 2042 poeta
1319 1979 1379 2026 ita
1413 1991 1500 2027 sta-

193 2072 357 2119 tuerat,
413 2061 532 2108 unde
579 2061 760 2126 junctim
803 2058 1109 2106 scribendum:
1165 2057 1379 2117 Εῧμηλος
1421 2065 1502 2108 καί

193 2146 454 2200 Σιμωνίδης.
522 2140 730 2206 Spectant
765 2151 906 2187 antem
932 2139 1054 2198 haec,
1091 2140 1261 2205 opinor,
1296 2140 1351 2186 ad
1379 2140 1496 2189 idem

193 2240 391 2280 carmen,
427 2220 546 2269 unde
579 2220 724 2279 fluxit,
770 2221 890 2286 quod
926 2220 1086 2267 Scholl.
1122 2221 1224 2266 Eur.
1263 2222 1380 2268 Med.
1416 2226 1492 2270 20.

193 2302 376 2351 habent:
411 2305 479 2351 ὅτι
515 2306 564 2349 δὲ
599 2305 679 2348 καί
709 2306 966 2364 ἐβασίλευσε
999 2304 1078 2365 (sc.
1112 2304 1142 2359 ἡ
1179 2303 1373 2365 Μήδεια)
1401 2313 1494 2350 Κο-

193 2390 381 2449 ρίνθου,
426 2385 684 2445 ἱστοροῦσιν
717 2381 986 2438 Εὔμηλος
1021 2384 1122 2428 καί
1153 2388 1492 2440 Σιμωνίδης.

193 2464 278 2510 Cfr.
306 2463 465 2511 Scholl.
502 2463 559 2510 ad
592 2481 627 2508 v.
656 2462 792 2510 1318.
830 2461 1100 2509 Simonidem
1130 2473 1272 2510 autem
1301 2463 1491 2527 intellige

191 2545 416 2611 Lyricum‚
454 2563 544 2591 non
581 2542 893 2607 Genealogum.
930 2574 989 2581 —

319 2627 466 2674 Tertio
512 2627 608 2674 loco
646 2627 972 2674 consideremus
1009 2643 1105 2673 eum
1141 2625 1308 2681 locum,
1362 2642 1489 2688 quem
