1677 3059
676 261 740 268 —.
862 232 924 277 36
1045 261 1110 269 ..-

243 387 283 422 et
326 373 584 440 explicuisse
616 381 819 436 parentes
860 369 945 416 sibi
981 368 1276 434 persuadeat?
1365 373 1546 420 Lectum

241 468 383 504 autem
427 453 659 519 juvenibus
694 451 831 496 fuisse
867 449 1078 516 Ibycum,
1134 448 1267 497 fidem
1299 451 1403 500 facit
1437 454 1541 501 Stat.

241 537 342 584 Silv.
382 537 434 592 V,
460 538 504 591 3,
532 535 635 580 153.
672 530 752 577 ubi
787 529 907 587 dicit,
942 540 1111 596 patrem
1139 530 1319 594 juvenes
1345 533 1431 581 sibi
1455 545 1543 582 tra-

239 618 353 665 ditos
386 633 410 662 a
441 612 699 680 parentibus
732 610 937 658 docuisse

827 710 913 756 qua
947 691 1043 754 lege
1077 705 1273 740 recurrat

300 775 560 824 Pindaricae
594 790 676 819 vox
702 771 812 819 flexa
847 772 967 838 lyrae
994 772 1309 840 volucrumque
1341 787 1543 841 precator

299 857 578 923 Ibycus‚'l¹)
611 872 707 918 sqq.

233 939 289 986 Et
325 940 361 984 si
406 937 503 1002 jure
538 932 888 983 Wernsdorfius
925 934 1110 1000 explevit
1142 935 1343 983 lacunam
1377 938 1539 986 Himer.

233 1037 295 1066 or.
332 1017 496 1074 XXIX,
532 1019 573 1063 3.
625 1025 785 1060 »ornat
817 1025 859 1059 et
896 1014 1156 1078 [Anacreon
1189 1017 1330 1064 Teum
1364 1029 1406 1064 et
1437 1018 1543 1085 Iby—

234 1118 310 1147 cus
341 1098 654 1162 Rhegium],‹<
687 1113 794 1141 num
825 1093 950 1140 urbis
978 1093 1151 1141 laudem
1181 1096 1347 1159 patriae
1379 1110 1544 1145 amato-

231 1180 308 1227 riis
360 1178 627 1225 carminibus
672 1174 1033 1240 comprehensam
1083 1180 1322 1223 statuemus
1375 1178 1543 1226 fuisse?

229 1262 330 1309 Non
362 1261 421 1307 ita
451 1259 645 1306 videtur:
683 1255 761 1302 sed
782 1254 867 1302 huc
893 1256 1138 1303 revocanda
1163 1268 1254 1303 tum
1282 1257 1366 1304 alia
1389 1258 1541 1305 viden-

230 1340 544 1397 tur'carmina‚
579 1349 673 1384 tum
704 1335 839 1394 illud,
879 1336 1002 1401 quod
1031 1336 1080 1382 'in
1112 1338 1280 1385 Dianae
1314 1351 1355 1386 et
1378 1339 1540 1402 Rhegii

231 1434 272 1470 et
304 1423 350 1469 in
395 1420 586 1487 Ortygia
629 1418 782 1464 eximie
822 1416 960 1464 cultae
996 1416 1209 1465 honorem
1244 1420 1542 1485 conscriptum

228 1502 366 1548 fuisse
390 1501 599 1566 suspicati
623 1516 789 1555 sumus,
824 1517 858 1544 v.
885 1498 1012 1560 frgm.
1037 1499 1199 1545 XXXI.
1251 1500 1381 1547 Pater
1402 1500 1539 1566 Ibyco

230 1582 418 1639 affictus,
457 1599 587 1646 quem
617 1578 873 1627 historicum
893 1578 1200 1643 prodiderunt,
1236 1598 1323 1644 quo
1344 1590 1541 1643 spectare

229 1663 474 1721 videretur,
518 1662 733 1708 rationem
766 1659 1043 1707 reddidimus
1081 1678 1226 1725 supra.
1304 1661 1457 1725 Neque
1490 1679 1541 1708 ex

230 1743 450 1791 amatoriis
485 1741 755 1790 carminibus
789 1758 991 1787 manasse
1023 1753 1168 1806 potest
1200 1741 1310 1787 illud
1343 1760 1409 1807 ap.
1432 1742 1541 1788 Ps.-

228 1823 341 1870 Plut.
375 1823 431 1870 de
464 1823 599 1871 nobil.
636 1827 707 1880 2.,
745 1822 869 1868 Tom.
906 1822 1022 1868 XIV.
1056 1840 1098 1887 p.
1126 1822 1234 1873 378.
1270 1822 1388 1868 Hutt.
1446 1831 1537 1869 Πο-

229 1906 358 1955 σοὲκις
389 1906 520 1966 παρὰ
554 1908 814 1966 Σιμωνίδῃ,
864 1903 1107 1967 Πινδάρῳ,
1154 1909 1371 1966 Ἀλκαίῳ,
1419 1905 1535 1965 Ἰβύ-

229 2004 326 2048 κῳ,
348 1987 411 2049 12)
447 1984 714 2045 Στησιχόρῳ
746 1985 777 2039 ἠ
813 1987 1016 2044 εὐγένεια
1041 1988 1088 2030 ἐν
1120 1986 1260 2045 λόγου
1298 1986 1377 2030 καί
1405 1985 1537 2041 τιμῆς

227 2072 346 2129 μέρει
378 2070 510 2129 ἐστι]
543 2065 591 2112 in
623 2081 737 2128 quae
761 2063 897 2110 verba
929 2063 1005 2111 cfr.
1040 2064 1373 2112 commentarios
1397 2062 1536 2109 W'el-

285 2238 352 2285 11)
379 2237 430 2271 Ita
459 2250 557 2273 nunc
591 2236 796 2273 sanissimus
826 2236 974 2284 quisque
1001 2235 1095 2284 legit.
1167 2236 1297 2269 Vetera
1321 2235 1533 2282 exemplaria

359 2303 600 2349 turpissimum
630 2303 802 2338 mendum
831 2301 968 2336 obsedit
996 2301 1169 2339 Obs1'ms;
1205 2300 1389 2334 Parmens.
1416 2301 1534 2335 Obso-

360 2381 442 2402 nus.
490 2368 643 2415 Propius
669 2369 714 2402 ad
740 2381 864 2402 verum
885 2367 1031 2402 accessit
1060 2365 1138 2399 cod.
1160 2364 1310 2412 Rehdig.
1331 2379 1385 2412 ap.
1407 2366 1531 2413 Sillig„

360 2434 420 2479 qui
448 2433 554 2468 habet
589 2434 752 2468 Obsicus.
819 2431 1030 2466 Emendavit
1068 2430 1209 2464 Cantor.
1248 2430 1336 2464 Nov.
1365 2431 1474 2465 Lcctt.
1504 2431 1530 2473 I,

366 2499 422 2534 12.
479 2498 611 2533 sordes
636 2498 718 2533 istas
742 2497 782 2533 C.
812 2497 959 2532 Bai-thio
987 2497 1133 2544 aliisque
1162 2510 1218 2545 ap.
1245 2495 1444 2531 Markland.
1472 2509 1530 2530 re—

359 2564 540 2599 mittimus.

286 2647 350 2691 12)
381 2648 469 2683 Cod.
494 2648 618 2697 Ἰβνίῳ.
660 2646 821 2683 Correxit
851 2647 1030 2683 XVolfius·
