1677 3059
679 219 744 226 —
855 192 948 237 120
1053 218 1117 225 -—

243 330 596 395 exprimerentur.
665 329 735 376 Fit
759 340 902 376 autem
933 328 1075 386 idem,
1112 330 1149 375 si
1184 331 1412 396 scripseris
1436 338 1552 394 ρὀαί.

243 410 393 472 Quare
438 411 526 457 nisi
559 410 606 457 id
641 409 946 474 reponendum
983 420 1070 466 est,
1125 409 1184 456 ita
1227 410 1553 461 decernendum

243 492 527 548 arbitramur,
576 501 625 536 ut
658 489 945 554 Apollonium
980 491 1034 538 ab
1067 489 1205 558 Ibyco
1238 490 1340 540 huic
1374 513 1552 542 normae

242 590 329 617 non
365 572 539 619 astricto
571 581 815 618 mutuatum
849 590 1115 621 censeamus.

698 718 735 764 F
750 736 773 764 r
791 737 813 765 a
832 737 861 782 g
877 738 932 766 m.
982 720 1075 768 VII.

372 813 528 861 Athen.
562 815 656 861 XV.
693 833 736 879 p.
767 814 873 862 681.
905 815 959 860 D.

308 899 404 942 Καί
433 895 672 957 Ἴβυκος·

372 976 536 1037 Μυρτοὲ
565 993 614 1021 τε
649 976 730 1021 καί
762 977 811 1020 ἴα
844 978 927 1022 καί
955 980 1207 1042 ἑλίχρυσος,

371 1058 501 1112 μᾶλα
532 1074 580 1104 τε
613 1057 694 1102 καί
725 1055 842 1116 ρ’όδα
876 1059 958 1103 καί
989 1061 1162 1118 τέρεινα
1196 1058 1367 1120 δάφνα.

343 1293 506 1352 Myrta
537 1297 579 1333 et
609 1287 756 1333 violae
781 1295 823 1333 et
854 1282 1161 1348 helichrysns,
1189 1304 1338 1350 poma
1362 1298 1405 1336 et
1427 1308 1562 1338 rosae

246 1380 288 1418 et
321 1380 478 1418 tenera
511 1369 688 1415 lauras.

374 1458 543 1503 Locum
584 1455 795 1502 habuisse
832 1455 1038 1502 videntur
1080 1453 1186 1500 haec
1231 1454 1363 1503 verba
1396 1457 1442 1505 in
1486 1460 1564 1508 de-

247 1537 483 1586 scribenda
504 1543 824 1600 φυλλοβολιᾳ,·
856 1554 959 1583 nam
995 1554 1082 1599 quo
1109 1535 1253 1582 minus
1286 1536 1341 1584 de
1376 1538 1562 1589 floribus

246 1619 486 1668 nectendae
520 1635 707 1664 coronae
746 1635 933 1664 nexaeve
972 1616 1280 1680 interpretem,
1325 1619 1565 1683 prohibent

249 1718 360 1765 quae
394 1698 528 1745 altero
551 1717 679 1745 versu
711 1708 1107 1745 commemorantur
1130 1699 1272 1754 μᾶλα.
1332 1700 1395 1746 Ea
1420 1714 1564 1751 autem

248 1782 404 1828 usitata
438 1779 576 1826 fuisse
611 1780 657 1826 in
689 1783 999 1842 φυλλοβολίρε,
1037 1777 1092 1824 de
1125 1796 1210 1843 qua
1247 1778 1318 1825 adi
1344 1781 1562 1831 Eratosth.

250 1881 317 1928 ap.
353 1859 499 1908 Schol.
537 1861 641 1907 Eur,
679 1861 783 1906 Hec.
821 1862 956 1918 574,
1011 1858 1203 1906 Boeckh.
1240 1859 1368 1907 Pind.
1405 1864 1453 1911 P.
1487 1866 1564 1923 IX,

250 1944 348 2001 fur,
394 1943 599 1989 Boisson.
636 1941 774 1988 Nicet.
809 1940 978 2004 Eugen.
1011 1941 1089 1999 IX,
1122 1942 1257 2000 296„
1303 1954 1484 2007 apparet
1516 1962 1567 1992 ex

251 2023 435 2071 Stesich.
469 2023 596 2087 frgm.
633 2021 787 2069 XLVI.
825 2021 967 2069 Klein.

316 2108 478 2155 Πολλοὶ
510 2105 729 2154 Κυδώνια
761 2103 892 2160 μᾶλα
917 2106 1383 2168 ποτερριόττουνκποτέ
1405 2110 1570 2168 δίφρον

963 2182 1150 2249 ἄνακτι,

324 2271 480 2317 πολλὰ
507 2273 555 2316 δὲ
586 2266 781 2327 μύρρινα
814 2264 970 2324 φύλλα

319 2354 399 2398 καί
433 2348 637 2411 ρὀδινους
672 2345 924 2404 στεφάνους
959 2347 1040 2393 ἴων
1070 2366 1118 2394 τε
1148 2353 1398 2409 κορωνίδας
1419 2347 1568 2398 οὔλας.

255 2433 403 2479 Habes
429 2431 520 2478 fere
548 2427 726 2475 eosdem
746 2425 875 2472 flores
903 2438 1032 2491 atque
1059 2428 1178 2493 apud
1200 2428 1397 2495 Ibycum.
1465 2428 1571 2474 Ret-

257 2512 348 2559 tulit
388 2510 655 2558 Stesichoria
679 2507 877 2554 Kleinius
912 2509 968 2556 ad
993 2510 1169 2576 nuptias
1203 2509 1394 2557 Menelai
1419 2520 1459 2556 et
1484 2510 1572 2555 He-

258 2594 391 2641 lenae.
484 2591 622 2654 Quod
659 2600 801 2637 autem
839 2589 945 2637 haec
993 2590 1126 2639 verba
1169 2591 1384 2638 imitatum
1428 2600 1575 2637 censet
