1677 3059
542 215 606 223 —
717 187 807 233 153
916 213 980 220 --

109 325 404 392 navigationes
439 326 655 375 mirabilia
682 343 880 392 quaeque
913 335 1200 390 aperuerunt,
1237 344 1273 372 v.
1301 327 1412 374 Ges-

109 427 199 457 ner.
236 409 291 457 de
323 410 526 473 navigatt.
561 420 676 457 extra
712 405 897 454 column.
934 407 1058 453 Herc.
1095 417 1195 472 post
1218 405 1416 472 Orphica

109 491 348 537 Hermanni
373 510 414 557 p.
443 492 548 542 642.
612 490 764 551 Neque
790 486 929 549 magis
957 504 1116 533 nomen
1145 487 1262 534 sedis
1288 488 1414 536 istius

110 568 243 617 fixum
268 582 396 636 atque
429 581 593 617 certum
621 579 732 623 e1·at;
767 567 827 614 ita
854 567 928 630 qui
958 586 1024 632 ap.
1047 568 1221 614 Homer.
1244 568 1289 615 in
1309 569 1416 637 Ely-

112 650 224 696 sium
267 662 555 716 perventurus
596 647 733 696 fertur
768 646 1018 704 Menelaus,
1069 648 1219 713 Eurip.
1263 648 1414 696 Helen.

114 730 251 778 1676.
288 731 416 778 fatale
452 730 567 777 canit
603 746 721 786 esse,
757 739 805 774 ut
839 727 885 774 in
920 728 1076 774 insulis
1113 727 1277 775 habitet
1310 728 1416 776 bea-

111 822 266 858 torum.
357 811 520 877 Ibycus
557 820 698 856 autem
735 827 870 873 quum
907 809 1166 855 sententiam
1200 828 1324 857 suam
1359 811 1414 858 ab

109 891 279 938 Arctini
314 891 584 956 aliorumque
619 888 781 935 fabulis
817 889 1086 952 segregavit,
1132 907 1222 936 non
1252 899 1338 937 tam
1371 911 1418 940 re

114 970 362 1036 discrepare
399 970 646 1019 censendus
684 980 747 1016 est
780 988 909 1034 quam
942 968 1243 1034 appellatione.
1319 973 1420 1020 Non

112 1050 405 1098 dubitandum
440 1051 555 1098 enim
590 1061 676 1107 est,
714 1050 820 1114 quin
854 1050 907 1096 de
942 1051 1086 1096 Leuca
1120 1049 1247 1098 beata
1277 1052 1421 1100 insula

113 1132 364 1194 cogitaverit
403 1142 557 1196 poeta,
615 1131 691 1195 qui
724 1130 951 1187 Medeam,
1011 1130 1244 1178 Tauricam
1279 1133 1420 1193 deam,

113 1212 340 1258 sociaverit
372 1211 555 1258 Achilli:
593 1212 916 1258 convenientior
953 1222 1094 1257 autem
1129 1211 1292 1278 lyricae
1327 1233 1421 1261 ma-

114 1291 387 1355 gnificentiae
416 1291 583 1357 Elysii,
631 1310 762 1356 quam
797 1293 952 1339 tenella
995 1292 1162 1339 insulae
1193 1293 1423 1360 Scythicae

114 1373 333 1420 memoria.
403 1374 453 1420 In
489 1372 635 1419 medio
670 1373 862 1438 positum
893 1384 1034 1420 autem
1069 1374 1307 1421 exornandi
1341 1375 1425 1423 fuit

116 1453 324 1511 studium,
359 1454 578 1518 siquidem
608 1465 715 1501 teste
742 1453 851 1500 Plin.
885 1455 993 1515 Hist.
1016 1456 1110 1501 Nat.
1141 1456 1216 1513 IV,
1246 1456 1319 1514 13,
1345 1458 1421 1504 26.

117 1557 138 1576 n
150 1533 310 1579 eadem
344 1538 490 1582 Leuce
522 1545 564 1582 et
598 1538 825 1582 Macaron
859 1535 983 1581 dicta
1017 1546 1143 1592 est‚«
1191 1554 1321 1600 quem
1356 1537 1424 1584 in-

116 1612 230 1677 juria
273 1613 441 1661 vellicat
483 1614 686 1661 Koehler.
732 1616 757 1662 l.
793 1634 826 1662 c.
863 1634 906 1680 p.
948 1618 1022 1663 37.
1101 1617 1165 1662 Ita
1203 1616 1423 1664 Pindarus

119 1713 254 1759 quum
296 1693 429 1742 altero
471 1695 567 1743 loco
612 1695 659 1742 in
705 1694 862 1742 insulis
908 1695 1138 1743 beatorum
1173 1695 1428 1745 collocasset

117 1775 355 1834 Achillem,
407 1776 454 1823 in
496 1776 641 1823 Leuca
693 1776 843 1841 posuit
887 1776 1019 1824 altero
1069 1778 1145 1842 qui
1191 1787 1254 1824 est
1301 1777 1423 1824 Nem.

117 1856 201 1913 IV,
236 1856 311 1904 49.
383 1855 486 1918 Qua
520 1856 849 1904 ratiocinatione
894 1856 1022 1904 simul
1065 1857 1147 1905 hoc
1191 1857 1426 1916 lucramur,

119 1947 166 1983 ut
200 1935 490 1983 convellamus
526 1936 733 1984 Koehleri
772 1940 1052 1996 sententiam,
1101 1939 1176 2004 qui
1210 1937 1236 1984 l.
1262 1935 1287 1983 l.
1314 1956 1355 2002 p.
1382 1940 1424 1986 7.

122 2017 467 2081 antiquissimam
501 2035 594 2063 eam
626 2018 764 2066 fuisse
802 2019 1080 2067 traditionem
1112 2029 1278 2076 censet,
1316 2037 1429 2083 quae

122 2096 286 2143 insulas
337 2097 567 2145 beatorum
623 2098 874 2162 Elysiumve
926 2099 1222 2147 habitaculum
1267 2098 1428 2146 Achilli

125 2177 325 2224 ascribit:
361 2176 484 2224 salso.

252 2256 437 2324 Ibycum
469 2258 661 2307 imitatur
695 2261 839 2327 Apoll.
876 2260 957 2306 Rh.
992 2261 1066 2317 IV,
1100 2261 1207 2308 814.
1251 2259 1426 2308 Primus

126 2350 267 2386 autem
298 2338 527 2401 Rheginus
555 2340 757 2388 Medeam
788 2359 966 2388 uxorem
1002 2339 1039 2386 ei
1073 2341 1322 2403 assignavit,
1359 2358 1428 2386 se-

128 2430 310 2466 ctatores
345 2429 498 2465 nactus
525 2431 698 2484 praeter
723 2421 993 2467 Simonidem
1016 2420 1301 2485 Apollonium
1322 2419 1348 2469 l.
1375 2438 1427 2478 e.‚

126 2499 464 2566 Lycophronem
490 2498 610 2549 Cass.
642 2502 761 2559 174,
791 2503 899 2552 798.
924 2501 1075 2566 ibique
1102 2501 1316 2556 Tzetzam,
1352 2498 1430 2546 de-

127 2580 263 2645 nique
291 2590 511 2626 auctorem
538 2580 790 2644 aenigmatis
813 2582 860 2629 in
886 2581 1020 2631 Anth.
1044 2580 1135 2628 Pal.
1165 2581 1280 2627 XIV.
1310 2580 1386 2627 27.
