1677 3059
674 237 738 252 -2
854 209 947 256 118
1059 237 1120 245 —

243 351 350 400 Eur.
395 351 529 416 Hipp.
574 349 694 408 742,
753 348 980 397 Voeleker.
1020 365 1171 410 geogr.
1204 347 1333 404 Hom.
1367 367 1412 414 p.
1452 348 1560 399 101.

244 435 296 480 In
331 452 381 480 eo
421 444 566 479 tamen
598 431 785 477 forsitan
827 428 1092 495 Apollonius
1128 448 1153 476 a
1185 439 1315 493 poeta
1354 429 1560 493 Rhegino

249 513 504 570 declinavit,
566 511 688 576 quod
728 510 867 573 οὔρεα
907 516 1110 574 ἠλίβατοι
1151 509 1377 557 substituit
1417 517 1564 558 κίοσιν

250 601 476 659 ρἀὃινοῖς,
524 592 601 658 qui
637 603 760 639 erant
793 592 914 658 apud
946 592 1143 658 Ibycum.
1224 592 1337 638 Nam
1371 610 1462 640 non
1498 603 1564 640 est

251 674 462 732 dubium,
519 674 627 739 quin
671 674 728 721 ad
770 676 857 731 τὴν
895 676 970 721 ἐπί
1011 677 1184 736 Γοργίᾳ
1227 674 1354 736 ᾠδὴν
1398 683 1564 738 spectet

252 755 374 820 quod
418 756 553 804 refert
593 756 738 803 Schol.
776 754 921 820 Apoll.
966 753 1052 800 Rh,
1093 753 1169 811 III,
1216 755 1322 801 106.
1380 755 1566 816 ῥαδινῆς

250 837 406 899 χειρός.
419 839 490 900 25)
526 838 762 900 τρυφερῆς.
812 841 1060 898 Ἀνακρέων
1081 840 1130 882 δὲ
1150 839 1225 882 ἐπί
1243 836 1414 889 ταχους
1436 838 1567 885 ἔταξε

251 919 304 964 τὸ
340 919 554 981 ῥαδινὸν,
615 919 827 980 ῥαδινοὺς
864 917 1056 967 πώλους.
1132 915 1356 980 Ἴβυκος
1398 920 1447 963 δὲ
1490 918 1568 961 ἐπὶ

251 1000 344 1045 τῶν
366 999 449 1045 τὸν
469 1001 671 1061 οὐρανὸν
697 997 1022 1062 βασταζόντων
1043 998 1208 1045 κιόνων
1228 999 1440 1060 ῥαδινούς
1460 1000 1569 1046 οέντιῖ

252 1081 336 1126 τοῦ
368 1084 634 1141 εὐμεγέθεις.
700 1084 977 1140 Στησίχορος
1008 1080 1083 1123 ἐπί
1113 1081 1198 1125 τοῦ
1229 1080 1446 1143 εὐτόνου,
1482 1085 1566 1142 ρἀ-

253 1162 402 1211 §moos
446 1166 487 1207 δ’
521 1165 780 1218 ἐπέπεμπον
824 1158 1054 1223 ἄκοντας,
1110 1178 1147 1205 v.
1183 1159 1311 1223 frgm.
1346 1160 1565 1209 LXXVII.

384 1344 576 1380 Praeclare
606 1345 740 1382 dietum
769 1341 1008 1387 ὑποστενάζει,
1048 1347 1085 1383 in
1113 1360 1185 1396 quo
1212 1348 1322 1383 verbo
1354 1361 1436 1384 cum
1463 1349 1570 1384 susti-

385 1409 497 1445 nendi
528 1411 674 1445 notione
713 1411 803 1446 inest
839 1411 1016 1447 tolerandi
1055 1419 1089 1447 et
1125 1427 1210 1461 prae
1247 1413 1371 1449 labore
1400 1415 1570 1463 gemendi

384 1474 615 1522 significatus.
669 1477 782 1525 quue
810 1478 993 1513 transitivo
1020 1492 1127 1513 sensu
1157 1486 1370 1527 usurpatur,
1398 1488 1437 1514 ut
1457 1481 1570 1516 multa

387 1541 562 1586 ejusmodi
590 1543 709 1577 verba.
764 1543 848 1578 Non
876 1544 965 1589 juvit
991 1544 1112 1579 locum
1149 1545 1376 1580 Hermannus
1409 1546 1567 1594 Opuscc.

386 1605 413 1648 1,
436 1620 471 1652 p.
507 1606 595 1642 114.
623 1605 845 1656 ὖποστεγάζει
868 1622 1059 1657 reponem,
1092 1611 1188 1657 quod
1216 1611 1252 1644 in
1285 1618 1446 1645 contexta
1476 1612 1568 1647 adeo

385 1671 521 1718 recepit
544 1672 766 1708 Dindorfius.
834 1675 929 1709 Mire
959 1675 1134 1723 Reisigius
1161 1675 1301 1719 Iocum,
1340 1677 1400 1723 qui
1431 1684 1481 1711 est
1509 1678 1567 1712 in-

384 1737 618 1784 tegerrimus,
657 1739 857 1783 constituit,
897 1740 996 1785 cujus
1024 1741 1061 1774 in
1098 1740 1281 1775 Prometh.
1314 1742 1567 1779 animadverss.

384 1803 579 1850 publicavit
603 1804 718 1840 editor
737 1806 900 1841 Halensis
919 1806 1090 1853 Apparat.
1113 1806 1188 1841 crit.
1211 1813 1244 1841 et
1266 1820 1361 1855 exeg.
1383 1808 1420 1842 in
1438 1808 1568 1844 Aesch.

384 1867 453 1903 vol.
480 1869 509 1904 I.

309 1955 379 2001 25)
411 1957 576 2007 Theogn.
606 1960 696 1996 930.
735 1958 929 1994 xVeleker.
960 1961 1095 2008 ῥαδιναὶ
1121 1961 1231 2008 χέρες.
1297 1959 1404 1994 Hom.
1445 1958 1569 2006 hymn.

388 2020 469 2058 Cer.
493 2025 582 2060 193.
611 2027 745 2074 ῥαδινοὶ
771 2025 893 2067 πόδες,
929 2038 1000 2072 quo
1029 2033 1165 2072 spectat
1185 2026 1380 2073 Phrynich.
1404 2026 1440 2060 in
1458 2024 1569 2060 nokk-

385 2087 550 2124 Aneedd.
569 2104 605 2138 p.
631 2091 694 2134 61,
721 2091 784 2127 56.
813 2092 891 2139 ῥαδ.
920 2091 1041 2133 πόδας.
1067 2092 1146 2135 τούς
1171 2091 1310 2141 ὄρθοῦς
1335 2096 1392 2127 καὶ
1416 2089 1572 2133 ἁπαλούς

386 2158 444 2190 καὶ
470 2145 510 2191 εὗ
537 2155 743 2203 πεφυκότας.
794 2156 868 2191 Csr.
898 2156 1057 2191 Eustath.
1081 2157 1121 2192 Il.
1148 2172 1183 2205 p.
1215 2159 1331 2201 1316,
1361 2156 1424 2193 63.
1462 2156 1569 2190 Rom.

386 2219 549 2265 ἱμάσθλη
577 2221 720 2270 ῥαδινή·
761 2219 784 2264 ἦ
811 2222 912 2266 λεπτή
936 2227 994 2258 καὶ
1023 2222 1142 2271 μακρὰ
1169 2223 1257 2260 κατὰ
1286 2221 1367 2264 τούς
1386 2220 1567 2262 παλαιούς.

386 2282 544 2328 ιΡαδινός
580 2287 749 2334 primaria
788 2287 1047 2334 significatione
1074 2296 1124 2323 est
1154 2289 1175 2323 i.
1205 2304 1237 2336 q.
1267 2290 1411 2329 mollis,
1451 2296 1571 2330 tener,

386 2350 489 2384 nobis
518 2355 687 2387 sclzlanlc.
758 2353 881 2397 Quum
912 2360 1029 2386 autern
1059 2354 1095 2387 in
1124 2354 1332 2389 mulieribus
1361 2353 1570 2400 praesertim

384 2417 580 2462 proceritas
605 2419 757 2453 maxime
786 2419 944 2465 placeat,
972 2432 1038 2453 usu
1065 2420 1200 2455 factum
1231 2427 1301 2463 est,
1340 2426 1379 2454 ut
1405 2418 1568 2452 universe

386 2482 422 2515 in
451 2482 724 2528 pulchritudinis
755 2491 858 2530 :itque
889 2484 1084 2531 elegantiae
1112 2486 1349 2534 significatum
1379 2484 1570 2530 detorque-

385 2553 500 2588 retur;
530 2556 566 2582 ut
597 2550 718 2597 ῥαδινοὶ
743 2546 855 2589 ὅσσα,
889 2549 1079 2597 στόμματα.
1138 2550 1306 2589 Ceterum
1332 2551 1418 2587 dixit
1441 2551 1570 2598 Ibycus

384 2616 492 2655 κίονες
519 2626 626 2650 masc.
659 2629 788 2663 genere
818 2616 972 2652 imitatus
1002 2616 1209 2653 Homerum.
