1677 3059
666 246 730 254 -.
851 216 914 268 78
1038 246 1103 255 ..-

232 359 297 407 cia
329 358 454 406 κατὰ
488 357 705 415 σύστημα
739 357 900 422 scripta
935 357 1071 405 fuisse
1102 361 1366 424 putaverim,
1424 381 1535 427 quae

231 438 518 488 conformatio
554 437 611 485 ad
643 450 778 486 artem
811 438 936 485 istius
969 437 1141 499 scholae
1176 441 1438 505 pertinuisse
1471 444 1534 490 vi-

230 520 368 568 detur.
439 518 619 566 Cantata
654 537 703 566 ea
729 519 785 565 ad
819 518 958 586 lyram
991 537 1085 566 esse
1121 518 1248 566 docet
1276 520 1419 569 Schol.
1455 525 1531 571 Ar.

228 602 404 648 Thesm.
445 599 563 656 161,
619 601 695 664 qui
737 600 922 667 Ibycum
958 606 1070 658 μέλη
1106 602 1217 661 πρὸς
1248 602 1392 663 λύραν
1425 605 1533 650 scri-

227 681 369 748 psisse
413 689 565 727 auctor
607 679 674 727 sit.
758 681 846 728 Ista
890 692 1033 728 autem
1076 680 1267 728 carmina
1309 692 1358 728 ut
1398 682 1463 729 vel
1507 702 1532 731 a

226 773 355 830 poeta
390 760 488 825 ipso
522 759 588 806 vel
622 760 676 807 ab
714 760 808 807 aliis
844 760 1210 819 decantabantur,
1247 761 1305 808 ita
1332 762 1531 810 heroico-

227 843 363 911 lyrica
408 841 529 888 chori
562 852 708 907 partes
741 842 961 906 flagitasse
1004 842 1175 906 aliaque
1206 853 1430 907 praeterea
1463 843 1531 890 in-

225 933 464 973 strumenta
498 923 662 969 musica
698 942 779 988 pro
813 935 930 970 certo
969 923 1194 970 habemus.
1264 923 1531 988 Quanquam

225 1007 349 1055 aliter
390 1003 486 1068 ipse
534 1004 812 1050 Hermannus
860 1005 1010 1050 statuit
1057 1005 1172 1069 Epit.
1223 1003 1359 1050 doctr.
1406 1015 1527 1050 metr.

224 1092 262 1154 ἓ.
299 1086 405 1134 576.
476 1083 690 1148 Strophas
721 1083 871 1150 Ibyci,
918 1095 967 1130 ut
999 1083 1262 1141 Stesichori,
1308 1082 1529 1146 longiores

223 1168 360 1216 fuisse
397 1176 438 1212 et
474 1162 657 1210 Pindari
701 1164 885 1229 ejusque
919 1163 1168 1230 aequalium
1200 1174 1428 1230 poetarum
1463 1165 1530 1232 ly-

222 1249 413 1296 ricorum
447 1244 675 1293 circuitum
709 1245 800 1292 fere
837 1263 1075 1310 aequasse,
1122 1245 1367 1308 fragmenta
1399 1257 1529 1294 testes

223 1340 336 1376 sunt.
411 1326 467 1373 Et
514 1324 635 1389 quod
687 1324 741 1372 de
787 1324 1038 1372 stesichoro
1091 1325 1291 1392 prodidit
1341 1326 1524 1394 Dionys.

222 1407 316 1456 Hal.
355 1425 494 1472 comp.
532 1405 683 1454 verbb.
723 1408 795 1454 19.
846 1411 889 1453 οἱ
923 1410 1025 1469 περί
1055 1407 1337 1469 Στησίχορόν
1368 1424 1416 1454 τε
1450 1412 1531 1455 καί

221 1494 449 1550 Πίνδαρον
480 1491 653 1545 μείζους
695 1490 996 1550 ἐργασάμενοι
1027 1490 1111 1539 τας
1148 1488 1411 1551 περιόδους,
1470 1493 1529 1540 εἰς

221 1571 373 1617 πολλοὶ
407 1574 551 1631 μέτρα
586 1573 667 1616 καί
699 1572 829 1617 κῶλα
861 1575 1083 1625 διένειμαν
1116 1570 1293 1631 αὐτας,
1325 1572 1412 1614 οὐκ
1445 1569 1526 1615 ἄλ-

220 1659 303 1698 λου
336 1652 454 1700 τινος
484 1651 516 1708 ἢ
547 1653 627 1709 τῆς
658 1654 909 1714 μεταβολῆς
941 1654 1104 1714 ἔρωτι,
1149 1647 1197 1695 id
1219 1649 1366 1713 ipsum
1395 1668 1526 1713 quam

219 1731 403 1778 maxime
448 1731 635 1796 quadrat
667 1732 714 1778 in
747 1731 944 1798 Ibycum.
1024 1729 1165 1794 quue
1211 1728 1321 1776 adeo
1364 1729 1525 1778 diserte

220 1812 275 1859 de
321 1811 475 1859 eodem
509 1812 719 1870 traditur,
768 1812 854 1858 nisi
888 1810 1060 1858 animus
1094 1810 1215 1857 fallit.
1308 1810 1374 1856 Ita
1408 1812 1523 1859 enim

219 1891 372 1939 scribit
403 1893 594 1940 incertus
629 1895 818 1960 scriptor
850 1905 952 1959 post
988 1893 1211 1940 Censorin.
1249 1891 1305 1938 de
1340 1890 1411 1938 die
1443 1911 1524 1939 na-

217 1973 286 2020 tal.
325 1992 416 2039 cap.
455 1976 496 2022 9.
557 1974 881 2021 »Archilochus
919 1974 1046 2021 etiam
1078 1983 1289 2020 commata
1320 1975 1522 2023 versibus

217 2053 480 2119 adplicando
511 2054 710 2112 variavit3
760 2056 957 2120 Eupolis
991 2073 1072 2120 per
1103 2052 1315 2118 plurimas
1354 2057 1522 2120 species

215 2134 375 2192 secuit3
420 2135 605 2183 Alcman
639 2154 845 2183 numeros
881 2137 1008 2183 etiam
1037 2133 1195 2181 minuit
1231 2133 1276 2180 in
1300 2153 1521 2183 carmen«

214 2217 493 2279 Eupolidem
526 2229 700 2283 poetam
740 2217 951 2264 comicum
987 2233 1067 2281 per
1103 2233 1295 2263 errorem
1326 2216 1374 2263 in
1404 2216 1521 2267 hunc

214 2294 358 2343 locum
395 2297 625 2363 irrepsisse
661 2298 829 2345 dudum
861 2297 1123 2345 intellectum
1159 2307 1233 2343 est.
1323 2297 1412 2344 Pro
1444 2317 1520 2346 cu-

213 2376 282 2439 jus
326 2378 502 2425 nomine
537 2389 615 2424 vet.
654 2379 749 2426 cod.
785 2379 896 2427 Lud.
958 2377 1178 2425 Carrionis
1214 2379 1261 2425 in
1295 2378 1425 2426 litura
1464 2399 1520 2428 ea

206 2460 366 2520 polius
401 2460 619 2518 exhibuit,
677 2479 726 2507 ex
762 2461 885 2525 cujus
920 2459 1112 2522 vestigiis
1149 2458 1291 2506 Vales.
1327 2460 1514 2507 Emdatt.

211 2537 286 2595 IV,
325 2540 396 2587 14.
430 2560 471 2606 p.
504 2542 608 2588 119.
641 2541 884 2589 emendavit
915 2543 1096 2604 Ibycus.
1173 2541 1230 2587 Et
1261 2540 1308 2587 id
1339 2540 1517 2605 quidem

211 2618 342 2667 nobis
372 2622 594 2670 verissime
629 2622 790 2670 facturn
820 2623 1014 2681 videtur,
1052 2640 1189 2687 quum
1219 2632 1416 2687 apertum
1445 2621 1516 2680 sit,
