1677 3059
531 239 596 248 -.
716 211 778 257 25
903 240 962 249 ...-

99 363 227 417 poeta
262 351 485 398 invocasse
517 349 618 398 ideo
654 349 834 407 dicitur,
893 349 996 413 quia
1027 366 1151 408 aves,
1208 350 1262 397 dc
1299 353 1395 417 qui-

99 431 184 479 bus
218 432 464 479 nominatus
501 443 587 489 est,
638 430 790 498 ibyccs
827 434 1072 493 πρακτικαί
1104 431 1304 490 fuerunt,
1351 444 1399 480 ut

100 530 232 575 grues
259 513 526 575 ’πρακτικαί
566 512 854 578 perhibentur
896 529 1016 569 esse,
1077 531 1113 558 v.
1165 513 1307 562 Procl.
1352 514 1399 561 in

33 646 36 651 ,
100 591 202 638 Hes.
231 591 347 658 Opp.
372 611 414 658 p.
439 594 571 640 LXII.
600 593 643 639 b.
667 593 865 639 Trincav.
928 593 1086 640 Preces
1120 594 1254 657 igitur
1288 595 1402 642 fudit

102 671 159 718 ad
188 691 260 720 eas
291 690 403 730 aveS,
437 692 623 738 quarum
651 674 776 739 quasi
799 673 843 720 in
871 673 1001 720 tutela
1032 686 1154 720 esset.
1215 675 1401 733 Deinde,

102 764 150 799 ut
184 754 238 801 de
273 754 368 800 loco
414 753 559 801 caedis
609 771 893 819 quaeramus,
941 755 987 801 in
1033 773 1139 817 agro
1177 755 1403 802 Corinthio

102 832 376 882 interfectum
411 852 505 882 esse
537 854 634 882 cum
660 836 891 901 Antipatro
922 835 1135 882 consentit
1168 854 1282 882 unus
1307 836 1405 883 Ma-

105 933 188 962 car.
239 914 446 982 Chrysoc.
492 935 559 982 ap.
600 917 754 964 VValz.
802 917 859 964 ad
904 918 1060 964 Arsen.
1108 915 1220 963 Viol.
1252 935 1296 982 p.
1329 919 1403 964 30.

97 992 267 1059 Ἴβυκος
286 998 376 1043 ὑπὸ
400 1001 584 1055 λῃστῶν
603 1000 926 1062 ἀναιρούμενος
946 1001 1028 1045 καί
1045 999 1260 1059 γεράνους
1272 1001 1408 1060 ὑπερ-

103 1082 352 1134 ιπταμένας
395 1080 506 1125 ἰδών
531 1081 851 1142 ἐμαρτύρατο.
946 1079 1124 1140 Χρόνου
1165 1083 1212 1125 δὲ
1244 1085 1410 1141 παρελ-

104 1164 270 1213 θόντος
302 1167 345 1210 οἰ
378 1163 547 1221 λῃσταί
568 1165 615 1207 ἐν
648 1162 833 1223 θεάτρῳ
867 1161 1089 1215 θεώμενοι
1124 1164 1170 1206 ἐν
1191 1165 1410 1222 Κορίνθῳ

106 1245 323 1306 γεράνους
359 1253 399 1290 et
435 1259 546 1307 quae
578 1259 673 1305 sqq.
762 1240 907 1301 Quem
959 1239 1178 1287 hominem
1222 1238 1332 1286 illud
1366 1244 1413 1287 ἐν

108 1330 326 1387 Κορίνθῳ
348 1323 500 1370 eadem
531 1322 699 1368 ratione
725 1338 773 1367 ex
799 1319 1030 1385 Antipatro
1062 1319 1280 1367 derivasse
1309 1338 1414 1367 con-

111 1416 362 1452 sentaneum
400 1415 489 1461 est,
549 1419 635 1466 qua
668 1401 884 1466 interpres
925 1412 1046 1448 vetus
1091 1401 1282 1448 Nemesii
1316 1400 1341 1447 l.
1378 1419 1413 1448 c.

113 1486 167 1533 de
201 1504 282 1533 suo
315 1483 578 1549 interposuit
612 1484 838 1528 civitatem
875 1481 1236 1530 Corinthiorum.
1327 1482 1417 1528 Re-

113 1565 325 1613 centiores
366 1584 430 1612 vv.
468 1563 568 1620 dd.,
616 1581 726 1627 quos
769 1563 988 1620 noverim,
1044 1580 1194 1609 omnes
1233 1562 1317 1609 hoc
1359 1563 1420 1611 ita

115 1657 424 1712 susceperunt,
477 1655 686 1709 tanquam
730 1644 785 1690 de
819 1644 995 1690 veritate
1040 1643 1254 1689 dubitatio
1298 1645 1419 1691 nasci

117 1728 295 1774 omnino
339 1746 429 1774 non
463 1726 614 1792 possit.
698 1725 933 1772 Corinthus
972 1724 1232 1771 Schillerum
1274 1725 1421 1783 movit,

117 1820 166 1856 ut
199 1809 257 1855 ad
290 1807 494 1856 Isthmios
536 1805 664 1852 ludos
699 1817 872 1871 poetam
904 1805 1151 1853 tendentem
1185 1805 1357 1852 faceret.
1376 1809 1422 1870 8)

119 1891 210 1938 Nos
247 1889 426 1955 quidem
462 1887 706 1954 complures
740 1886 968 1952 impellunt
1002 1904 1203 1942 caussae,
1235 1885 1338 1933 huic
1359 1888 1424 1935 rei

121 1982 170 2018 ut
200 1970 334 2017 fidem
361 1969 635 2032 derogemus.
702 1968 899 2015 Primum
922 1986 1011 2014 non
1038 1976 1207 2015 constat
1235 1964 1426 2027 aliunde,

123 2054 172 2100 in
217 2051 404 2100 Graecia
445 2061 663 2097 versatum
708 2061 882 2116 poetam
925 2066 1039 2096 esse:
1097 2065 1199 2093 nam
1235 2064 1260 2093 a
1293 2048 1428 2116 Poly-

128 2144 243 2180 crate
270 2133 318 2180 in
349 2131 534 2198 patriam
570 2149 846 2178 reversurum
873 2149 962 2177 non
992 2128 1199 2194 potuerit
1217 2128 1330 2175 sumi
1351 2121 1450 2177 ne-¹

130 2224 272 2260 catum
305 2230 419 2269 esse;
459 2212 497 2259 si
528 2211 706 2276 quidem
736 2211 904 2276 juvenis
938 2209 993 2255 ad
1024 2220 1259 2275 tyrannum
1292 2218 1430 2255 teten-

132 2293 222 2350 dit,
274 2309 364 2338 non
395 2291 563 2339 tamdiu
609 2291 729 2338 Sami
767 2290 1028 2338 remansisse
1064 2288 1309 2336 censendus
1352 2300 1430 2343 est,

192 2486 233 2531 8)
258 2485 373 2518 Multa
405 2483 613 2518 immortalis
649 2485 700 2518 vir
734 2484 901 2524 liberius,
937 2489 975 2515 ut
1012 2487 1136 2527 pocta,
1176 2477 1241 2510 sibi
1277 2476 1433 2520 indulsit,

271 2561 362 2595 quae
390 2549 443 2582 vix
476 2549 528 2582 sas
550 2561 624 2583 esse
649 2549 772 2583 rimari
799 2555 894 2582 recte
922 2544 1079 2580 Meinek.
1101 2541 1259 2589 Euphor.
1286 2555 1321 2589 p.
1345 2543 1434 2578 113.

270 2613 454 2648 arbitratus
485 2620 544 2648 est.
