1677 3059
588 160 1023 207 -55-

149 295 349 343 solebant
381 296 499 354 ludi,
561 297 623 344 uti
660 294 912 360 Tlepolemo
955 295 1160 356 Rhodio,
1215 298 1343 346 Pind.
1387 300 1455 347 Ol.

147 377 243 434 VII,
281 379 398 434 77.,Ι
420 377 581 424 Herod.
618 377 692 433 VI,
726 375 828 433 38,
861 374 998 424 Thuc.
1031 378 1086 435 V,
1123 377 1198 424 11.

275 457 355 504 His
387 458 543 521 igitur,
580 468 628 504 ut
659 458 705 503 in
736 473 783 502 re
819 455 980 516 dubia,
1025 476 1115 505 non
1143 469 1232 505 tam
1268 459 1454 525 explica-

142 537 197 584 tis
238 556 369 602 quam
416 538 605 587 breviter
646 537 887 603 perstrictis
933 538 1182 597 videamus,
1248 541 1356 606 quid
1401 559 1450 589 ex

140 616 303 684 Ibyciis
337 619 606 667 carminibus
631 618 716 665 huc
742 617 978 682 pertineam
1015 619 1313 667 Stesichorum
1334 622 1450 668 enim

139 696 186 745 in
219 717 428 763 praesens
465 700 687 746 mittimus.
757 697 832 745 Ad
861 716 931 744 res
961 699 1167 756 Troicus,
1207 719 1315 764 quas
1344 701 1449 769 Iby-

139 796 263 835 cum,
299 778 360 824 uti
396 779 673 826 Stesichorus
708 778 811 825 fecit
833 778 880 826 in
906 785 1035 826 Ἰλίου
1061 787 1234 841 nepot&
1263 780 1447 846 aliisque

137 858 431 916 carminibus,
467 857 719 921 singulatim
759 858 970 906 cecinisse
1002 871 1342 908 consentancum
1368 874 1445 920 est,

134 937 242 985 haec
276 938 506 986 referenda
540 939 799 1004 putavimus.
895 939 1038 1005 Tydei
1080 939 1216 987 filium
1256 944 1446 988 Diome-

134 1020 265 1078 dem,
317 1038 448 1085 quem
481 1018 652 1064 Troicis
686 1020 833 1083 potius
866 1020 1185 1067 accensendum
1223 1020 1444 1080 duximus,

132 1118 264 1166 quam
307 1099 545 1156 Aetolicis,
603 1098 835 1148 celebravit
880 1100 1006 1163 frgm.
1044 1102 1176 1158 XIX,
1233 1102 1309 1167 qui
1345 1123 1443 1151 cum

131 1181 322 1248 Tydidis
358 1179 583 1228 colebatur
616 1181 817 1238 Tarenti;
857 1181 986 1227 heros
1013 1181 1186 1228 divinus
1214 1201 1293 1247 per
1315 1203 1442 1232 omne

129 1262 277 1310 Italiae
319 1260 542 1309 inferioris
591 1259 692 1308 litus
735 1263 917 1309 summis
964 1262 1148 1309 affectus
1195 1261 1441 1312 honoribus

128 1343 365 1390 Hermiona
412 1341 541 1387 ducta
586 1361 684 1389 cum
730 1343 961 1389 Dioscuris
1004 1344 1199 1389 Deorum
1233 1345 1442 1393 inseritur

126 1441 335 1480 numero,
371 1421 499 1484 frgm.
536 1422 645 1480 XX3
705 1424 913 1471 Achilles
945 1424 993 1470 in
1038 1423 1188 1490 Elysio
1224 1426 1440 1472 flIe'deam

126 1502 271 1560 ducit,
306 1501 434 1564 frgm.
471 1502 627 1548 XVIII.
698 1503 859 1565 Qualia
896 1515 1040 1551 autem
1074 1515 1202 1568 poeta
1239 1505 1293 1550 (le
1326 1505 1438 1553 Dio-

123 1581 251 1630 mede
285 1592 327 1629 et
361 1582 531 1630 Achille
570 1583 865 1648 praedicavit,
922 1585 967 1630 in
1002 1584 1137 1631 sacris
1171 1584 1255 1631 illis
1292 1586 1437 1632 heroi-

122 1663 208 1712 bus
243 1664 368 1711 factis
401 1662 626 1728 aptissima
660 1662 864 1711 videntur
898 1665 1059 1722 fuisse,
1098 1683 1185 1729 quo
1222 1664 1436 1728 intellige-

120 1757 220 1793 rent
250 1744 475 1802 homines,
511 1744 668 1791 heroes
695 1742 793 1791 illos
826 1744 996 1793 divinos
1031 1746 1190 1809 dignos
1219 1764 1314 1793 esse
1339 1756 1436 1793 tan-

119 1826 176 1873 tis
211 1824 467 1872 honoribus.
544 1826 706 1871 Ulcires
741 1836 907 1884 autem,
952 1846 989 1872 v.
1025 1825 1154 1888 frgm.
1191 1827 1344 1885 XVII,
1393 1838 1435 1875 et

118 1907 166 1954 in
211 1905 360 1953 Sicilia
402 1917 444 1954 et
476 1906 523 1952 in
567 1904 691 1951 Italia
735 1905 919 1953 multum
964 1917 1143 1968 vagatus
1184 1906 1432 1966 ferebatur3

118 1986 299 2033 Tarenti
324 1986 485 2035 cultum
510 1987 712 2034 vidimus.
764 1988 1007 2034 Menelaus
1030 1986 1158 2049 srgm.
1183 1988 1288 2034 XVI
1314 2006 1432 2037 com-

117 2077 264 2132 paret:
299 2066 691 2131 Agamemnonidis
716 2079 860 2115 autem
892 2079 1021 2133 atque
1048 2067 1218 2114 Atridis
1247 2067 1431 2115 solemni

117 2147 207 2194 ritu
249 2148 460 2196 sacrificia
494 2148 640 2196 oblata
676 2147 854 2194 Tarenti
904 2148 1051 2196 docuit
1095 2148 1431 2195 Pseudo-Ari-

118 2226 305 2274 stoteles.
391 2229 459 2277 De
499 2233 694 2277 Hectore
726 2229 920 2293 Trojano
956 2249 991 2275 v.
1027 2229 1155 2291 frgm.
1193 2228 1320 2286 XIV3
1374 2227 1431 2275 de

118 2307 389 2355 Cassandra
418 2310 544 2372 frgm.
568 2312 663 2356 XV.

246 2390 298 2435 In
327 2387 500 2436 relicuis
528 2389 736 2436 heroibus
763 2390 898 2457 Ibyco
927 2388 1153 2436 celebratis
1181 2387 1291 2434 illud
1314 2399 1428 2436 certe

114 2487 208 2517 non
241 2469 473 2532 indignum
506 2469 676 2516 videtur
714 2470 972 2526 observare,
1010 2467 1132 2532 quod
1156 2468 1331 2515 sabulae
1356 2487 1428 2516 ve-

113 2561 254 2611 terem,
291 2549 546 2597 hominibus
581 2548 665 2596 illis
703 2562 850 2597 sancte
884 2550 1100 2606 creditae,
1135 2548 1232 2596 illos
1264 2548 1431 2596 Italiam
