<?xml version="1.0" encoding="UTF-8"?>
<!DOCTYPE html PUBLIC "-//W3C//DTD XHTML 1.0 Transitional//EN"
    "http://www.w3.org/TR/xhtml1/DTD/xhtml1-transitional.dtd">
<html xmlns="http://www.w3.org/1999/xhtml" xml:lang="en" lang="en">
 <head>
  <title>
</title>
<meta http-equiv="Content-Type" content="text/html;charset=utf-8" />
  <meta name='ocr-system' content='tesseract 3.04.00' />
  <meta name='ocr-capabilities' content='ocr_page ocr_carea ocr_par ocr_line ocrx_word'/>
</head>
<body>
  <div class='ocr_page' id='page_1' title='image "./ibycirheginicarm00schnuoft_0191.png"; bbox 0 0 1677 3059; ppageno 0'>
   <div class='ocr_carea' id='block_1_1' title="bbox 534 206 971 253">
    <p class='ocr_par' dir='ltr' id='par_1_1' title="bbox 534 206 971 253">
     <span class='ocr_line' id='line_1_1' title="bbox 534 206 971 253; baseline -0.005 1"><span class='ocrx_word' id='word_1_1' title='bbox 534 231 598 241; x_wconf 92' lang='lat'>-—</span> <span class='ocrx_word' id='word_1_2' title='bbox 706 206 794 253; x_wconf 88' lang='grc'>161</span> <span class='ocrx_word' id='word_1_3' title='bbox 905 235 971 244; x_wconf 90' lang='lat'>—-</span> 
     </span>
    </p>
   </div>
   <div class='ocr_carea' id='block_1_2' title="bbox 87 341 1405 1128">
    <p class='ocr_par' dir='ltr' id='par_1_2' title="bbox 87 341 1405 1128">
     <span class='ocr_line' id='line_1_2' title="bbox 93 341 1403 406; baseline 0.002 -16"><span class='ocrx_word' id='word_1_4' title='bbox 93 354 238 390; x_wconf 88' lang='lat' dir='ltr'>tamen</span> <span class='ocrx_word' id='word_1_5' title='bbox 270 343 573 390; x_wconf 78' lang='lat' dir='ltr'>terminatione</span> <span class='ocrx_word' id='word_1_6' title='bbox 609 341 824 406; x_wconf 81' lang='lat' dir='ltr'>quaedam</span> <span class='ocrx_word' id='word_1_7' title='bbox 855 343 1136 392; x_wconf 88' lang='lat' dir='ltr'>inveniuntur</span> <span class='ocrx_word' id='word_1_8' title='bbox 1165 345 1403 394; x_wconf 85' lang='lat' dir='ltr'>mutatione</span> 
     </span>
     <span class='ocr_line' id='line_1_3' title="bbox 91 415 1405 489; baseline 0.003 -21"><span class='ocrx_word' id='word_1_9' title='bbox 91 416 173 472; x_wconf 51' lang='lat' dir='ltr'>{ss</span> <span class='ocrx_word' id='word_1_10' title='bbox 209 421 473 488; x_wconf 75' lang='lat' dir='ltr'>diphthongi</span> <span class='ocrx_word' id='word_1_11' title='bbox 504 423 550 470; x_wconf 91' lang='lat' dir='ltr'>in</span> <span class='ocrx_word' id='word_1_12' title='bbox 581 415 644 471; x_wconf 46' lang='lat' dir='ltr'>‘e—s&#39;</span> <span class='ocrx_word' id='word_1_13' title='bbox 665 422 845 486; x_wconf 84' lang='lat' dir='ltr'>longum</span> <span class='ocrx_word' id='word_1_14' title='bbox 880 424 1071 489; x_wconf 84' lang='lat' dir='ltr'>prolata,</span> <span class='ocrx_word' id='word_1_15' title='bbox 1109 436 1158 472; x_wconf 90' lang='lat' dir='ltr'>ut</span> <span class='ocrx_word' id='word_1_16' title='bbox 1189 428 1405 479; x_wconf 76' lang='grc' dir='ltr'><strong><em>Ἀχιλλεὺς</em></strong></span> 
     </span>
     <span class='ocr_line' id='line_1_4' title="bbox 92 501 1402 571; baseline 0.001 -20"><span class='ocrx_word' id='word_1_17' title='bbox 92 501 309 560; x_wconf 87' lang='lat' dir='ltr'>Achilles,</span> <span class='ocrx_word' id='word_1_18' title='bbox 344 506 536 565; x_wconf 77' lang='grc' dir='ltr'><strong><em>Περσεὺς</em></strong></span> <span class='ocrx_word' id='word_1_19' title='bbox 561 504 743 560; x_wconf 84' lang='lat' dir='ltr'>Perses,</span> <span class='ocrx_word' id='word_1_20' title='bbox 780 508 991 556; x_wconf 74' lang='grc' dir='ltr'><em>Οὐλιξεύς</em></span> <span class='ocrx_word' id='word_1_21' title='bbox 1019 505 1181 553; x_wconf 88' lang='lat' dir='ltr'>Ulixes.</span> <span class='ocrx_word' id='word_1_22' title='bbox 1237 505 1288 551; x_wconf 91' lang='lat' dir='ltr'>In</span> <span class='ocrx_word' id='word_1_23' title='bbox 1314 524 1402 571; x_wconf 92' lang='lat' dir='ltr'>quo</span> 
     </span>
     <span class='ocr_line' id='line_1_5' title="bbox 91 584 1402 651; baseline 0.002 -21"><span class='ocrx_word' id='word_1_24' title='bbox 91 584 235 631; x_wconf 89' lang='lat' dir='ltr'>Dores</span> <span class='ocrx_word' id='word_1_25' title='bbox 271 584 509 648; x_wconf 83' lang='lat' dir='ltr'>sequimur,</span> <span class='ocrx_word' id='word_1_26' title='bbox 546 585 621 648; x_wconf 90' lang='lat' dir='ltr'>qui</span> <span class='ocrx_word' id='word_1_27' title='bbox 657 602 738 649; x_wconf 89' lang='lat' dir='ltr'>pro</span> <span class='ocrx_word' id='word_1_28' title='bbox 779 588 948 635; x_wconf 77' lang='grc' dir='ltr'><strong><em>Φυλεὺς</em></strong></span> <span class='ocrx_word' id='word_1_29' title='bbox 985 587 1152 649; x_wconf 72' lang='grc' dir='ltr'><em>Φύλης,</em></span> <span class='ocrx_word' id='word_1_30' title='bbox 1187 604 1269 651; x_wconf 88' lang='lat' dir='ltr'>pro</span> <span class='ocrx_word' id='word_1_31' title='bbox 1297 592 1402 650; x_wconf 75' lang='grc' dir='ltr'>Ὀρ-</span> 
     </span>
     <span class='ocr_line' id='line_1_6' title="bbox 92 663 1401 728; baseline 0.005 -18"><span class='ocrx_word' id='word_1_32' title='bbox 92 667 200 725; x_wconf 66' lang='grc' dir='ltr'>ᾳεὺς</span> <span class='ocrx_word' id='word_1_33' title='bbox 228 664 406 726; x_wconf 76' lang='grc' dir='ltr'><strong><em>Ὀρφης</em></strong></span> <span class='ocrx_word' id='word_1_34' title='bbox 440 675 481 711; x_wconf 86' lang='lat' dir='ltr'>et</span> <span class='ocrx_word' id='word_1_35' title='bbox 506 664 688 726; x_wconf 75' lang='grc' dir='ltr'><em>’Ὀρφην</em></span> <span class='ocrx_word' id='word_1_36' title='bbox 723 663 896 720; x_wconf 87' lang='lat' dir='ltr'>dicunt,</span> <span class='ocrx_word' id='word_1_37' title='bbox 932 683 1013 728; x_wconf 91' lang='lat' dir='ltr'>pro</span> <span class='ocrx_word' id='word_1_38' title='bbox 1049 668 1215 717; x_wconf 78' lang='grc' dir='ltr'><em>Τυδεὺς</em></span> <span class='ocrx_word' id='word_1_39' title='bbox 1242 668 1401 726; x_wconf 54' lang='lat' dir='ltr'>Tuom.</span> 
     </span>
     <span class='ocr_line' id='line_1_7' title="bbox 93 734 1400 806; baseline 0.004 -15"><span class='ocrx_word' id='word_1_40' title='bbox 93 743 169 791; x_wconf 88' lang='lat' dir='ltr'>Sic</span> <span class='ocrx_word' id='word_1_41' title='bbox 191 743 478 791; x_wconf 85' lang='lat' dir='ltr'>Antimachus</span> <span class='ocrx_word' id='word_1_42' title='bbox 512 744 556 790; x_wconf 90' lang='lat' dir='ltr'>in</span> <span class='ocrx_word' id='word_1_43' title='bbox 593 746 613 791; x_wconf 95' lang='lat' dir='ltr'>I</span> <span class='ocrx_word' id='word_1_44' title='bbox 647 734 901 791; x_wconf 81' lang='lat' dir='ltr'>Thebaidos</span> <span class='ocrx_word' id='word_1_45' title='bbox 933 747 1080 801; x_wconf 81' lang='grc' dir='ltr'><em>Τύδης</em></span> <span class='ocrx_word' id='word_1_46' title='bbox 1110 764 1160 792; x_wconf 86' lang='grc' dir='ltr'>τε</span> <span class='ocrx_word' id='word_1_47' title='bbox 1191 752 1400 806; x_wconf 81' lang='grc' dir='ltr'><em>Οἰνείδης.</em></span> 
     </span>
     <span class='ocr_line' id='line_1_8' title="bbox 88 809 1403 889; baseline 0.003 -18"><span class='ocrx_word' id='word_1_48' title='bbox 88 823 146 871; x_wconf 93' lang='lat' dir='ltr'>Et</span> <span class='ocrx_word' id='word_1_49' title='bbox 178 824 419 871; x_wconf 86' lang='lat' dir='ltr'>vocativum</span> <span class='ocrx_word' id='word_1_50' title='bbox 452 825 497 871; x_wconf 91' lang='lat' dir='ltr'>in</span> <span class='ocrx_word' id='word_1_51' title='bbox 526 816 560 871; x_wconf 60' lang='grc' dir='ltr'><strong>ἶ</strong></span> <span class='ocrx_word' id='word_1_52' title='bbox 601 824 888 889; x_wconf 89' lang='lat' dir='ltr'>productum:</span> <span class='ocrx_word' id='word_1_53' title='bbox 944 827 1026 872; x_wconf 83' lang='grc' dir='ltr'>τὸν</span> <span class='ocrx_word' id='word_1_54' title='bbox 1063 827 1146 872; x_wconf 72' lang='grc' dir='ltr'>καί</span> <span class='ocrx_word' id='word_1_55' title='bbox 1185 809 1403 886; x_wconf 72' lang='grc' dir='ltr'><em>φωνήσας</em></span> 
     </span>
     <span class='ocr_line' id='line_1_9' title="bbox 88 905 1400 973; baseline 0.004 -21"><span class='ocrx_word' id='word_1_56' title='bbox 88 909 308 966; x_wconf 77' lang='grc' dir='ltr'><strong><em>προςέφης</em></strong></span> <span class='ocrx_word' id='word_1_57' title='bbox 343 909 518 962; x_wconf 79' lang='grc' dir='ltr'><em>Οἰνείδη</em></span> <span class='ocrx_word' id='word_1_58' title='bbox 556 906 709 969; x_wconf 75' lang='grc' dir='ltr'>Τὺὃη,</span> <span class='ocrx_word' id='word_1_59' title='bbox 751 915 857 952; x_wconf 84' lang='lat' dir='ltr'>teste</span> <span class='ocrx_word' id='word_1_60' title='bbox 888 905 1167 965; x_wconf 86' lang='lat' dir='ltr'>Herodiano,</span> <span class='ocrx_word' id='word_1_61' title='bbox 1211 909 1288 973; x_wconf 91' lang='lat' dir='ltr'>qui</span> <span class='ocrx_word' id='word_1_62' title='bbox 1315 908 1400 958; x_wconf 88' lang='lat' dir='ltr'>hoc</span> 
     </span>
     <span class='ocr_line' id='line_1_10' title="bbox 87 984 1335 1053; baseline 0.006 -22"><span class='ocrx_word' id='word_1_63' title='bbox 87 985 213 1050; x_wconf 86' lang='lat' dir='ltr'>ponit</span> <span class='ocrx_word' id='word_1_64' title='bbox 243 985 289 1031; x_wconf 88' lang='lat' dir='ltr'>in</span> <span class='ocrx_word' id='word_1_65' title='bbox 323 985 467 1051; x_wconf 90' lang='lat' dir='ltr'>primo</span> <span class='ocrx_word' id='word_1_66' title='bbox 505 984 839 1032; x_wconf 79' lang='lat' dir='ltr'>catholicorum.</span> <span class='ocrx_word' id='word_1_67' title='bbox 901 986 1109 1035; x_wconf 88' lang='lat' dir='ltr'>Similiter</span> <span class='ocrx_word' id='word_1_68' title='bbox 1137 988 1335 1053; x_wconf 81' lang='lat' dir='ltr'>Ibycus:</span> 
     </span>
     <span class='ocr_line' id='line_1_11' title="bbox 217 1066 916 1128; baseline -0.004 -14"><span class='ocrx_word' id='word_1_69' title='bbox 217 1068 566 1122; x_wconf 82' lang='grc' dir='ltr'><em>Ὀνομακλυτὸν</em></span> <span class='ocrx_word' id='word_1_70' title='bbox 590 1066 817 1128; x_wconf 75' lang='grc' dir='ltr'>”Ορφην.«</span> <span class='ocrx_word' id='word_1_71' title='bbox 851 1095 916 1102; x_wconf 89' lang='lat'>-—</span> 
     </span>
    </p>
   </div>
   <div class='ocr_carea' id='block_1_3' title="bbox 632 1185 877 1198">
    <p class='ocr_par' dir='ltr' id='par_1_3' title="bbox 632 1185 877 1198">
     <span class='ocr_line' id='line_1_12' title="bbox 632 1185 877 1198; baseline -0.012 0"><span class='ocrx_word' id='word_1_72' title='bbox 632 1185 877 1198; x_wconf 68' lang='lat' dir='ltr'>—vv-——-</span> 
     </span>
    </p>
   </div>
   <div class='ocr_carea' id='block_1_4' title="bbox 82 1222 1397 2418">
    <p class='ocr_par' dir='ltr' id='par_1_4' title="bbox 184 1222 830 1287">
     <span class='ocr_line' id='line_1_13' title="bbox 184 1222 830 1287; baseline -0.003 -18"><span class='ocrx_word' id='word_1_73' title='bbox 184 1223 543 1270; x_wconf 80' lang='lat' dir='ltr'>Celeberrimum</span> <span class='ocrx_word' id='word_1_74' title='bbox 578 1222 830 1287; x_wconf 78' lang='lat' dir='ltr'>Orpheum.</span> 
     </span>
    </p>

    <p class='ocr_par' dir='ltr' id='par_1_5' title="bbox 82 1306 1397 2418">
     <span class='ocr_line' id='line_1_14' title="bbox 213 1306 1396 1375; baseline 0.002 -21"><span class='ocrx_word' id='word_1_75' title='bbox 213 1307 265 1354; x_wconf 92' lang='lat' dir='ltr'>In</span> <span class='ocrx_word' id='word_1_76' title='bbox 300 1307 463 1372; x_wconf 90' lang='lat' dir='ltr'>quibus</span> <span class='ocrx_word' id='word_1_77' title='bbox 489 1306 634 1354; x_wconf 90' lang='lat' dir='ltr'>verbis</span> <span class='ocrx_word' id='word_1_78' title='bbox 661 1307 876 1354; x_wconf 87' lang='lat' dir='ltr'>Prisciani</span> <span class='ocrx_word' id='word_1_79' title='bbox 910 1325 989 1354; x_wconf 88' lang='lat' dir='ltr'>cur</span> <span class='ocrx_word' id='word_1_80' title='bbox 1025 1309 1236 1359; x_wconf 79' lang='grc' dir='ltr'><strong><em>Οὐλιξεύς</em></strong></span> <span class='ocrx_word' id='word_1_81' title='bbox 1266 1326 1396 1375; x_wconf 87' lang='lat' dir='ltr'>repo-</span> 
     </span>
     <span class='ocr_line' id='line_1_15' title="bbox 85 1387 1396 1453; baseline 0.002 -18"><span class='ocrx_word' id='word_1_82' title='bbox 85 1387 303 1435; x_wconf 90' lang='lat' dir='ltr'>suerimus</span> <span class='ocrx_word' id='word_1_83' title='bbox 337 1387 651 1434; x_wconf 86' lang='lat' dir='ltr'>declaravimus</span> <span class='ocrx_word' id='word_1_84' title='bbox 680 1387 807 1450; x_wconf 84' lang='lat' dir='ltr'>frgm.</span> <span class='ocrx_word' id='word_1_85' title='bbox 839 1389 976 1435; x_wconf 87' lang='lat' dir='ltr'><strong>XVII.</strong></span> <span class='ocrx_word' id='word_1_86' title='bbox 1043 1387 1110 1435; x_wconf 90' lang='lat' dir='ltr'>Illi</span> <span class='ocrx_word' id='word_1_87' title='bbox 1153 1407 1264 1453; x_wconf 91' lang='lat' dir='ltr'>quos</span> <span class='ocrx_word' id='word_1_88' title='bbox 1292 1409 1396 1438; x_wconf 91' lang='lat' dir='ltr'>con-</span> 
     </span>
     <span class='ocr_line' id='line_1_16' title="bbox 85 1466 1395 1532; baseline 0.004 -19"><span class='ocrx_word' id='word_1_89' title='bbox 85 1467 370 1530; x_wconf 85' lang='lat' dir='ltr'>signabamus</span> <span class='ocrx_word' id='word_1_90' title='bbox 398 1468 525 1514; x_wconf 86' lang='lat' dir='ltr'>codd.</span> <span class='ocrx_word' id='word_1_91' title='bbox 550 1468 759 1515; x_wconf 85' lang='lat' dir='ltr'>nonnulla</span> <span class='ocrx_word' id='word_1_92' title='bbox 783 1479 1006 1532; x_wconf 83' lang='lat' dir='ltr'>praeterea</span> <span class='ocrx_word' id='word_1_93' title='bbox 1031 1466 1199 1515; x_wconf 88' lang='lat' dir='ltr'>diverse</span> <span class='ocrx_word' id='word_1_94' title='bbox 1221 1470 1395 1530; x_wconf 87' lang='lat' dir='ltr'>sistunt,</span> 
     </span>
     <span class='ocr_line' id='line_1_17' title="bbox 86 1547 1393 1614; baseline 0.002 -18"><span class='ocrx_word' id='word_1_95' title='bbox 86 1567 137 1596; x_wconf 87' lang='lat' dir='ltr'>ex</span> <span class='ocrx_word' id='word_1_96' title='bbox 176 1547 339 1613; x_wconf 91' lang='lat' dir='ltr'>quibus</span> <span class='ocrx_word' id='word_1_97' title='bbox 375 1550 547 1614; x_wconf 83' lang='lat' dir='ltr'>potiora</span> <span class='ocrx_word' id='word_1_98' title='bbox 591 1548 786 1595; x_wconf 82' lang='lat' dir='ltr'>delibare</span> <span class='ocrx_word' id='word_1_99' title='bbox 823 1547 958 1594; x_wconf 87' lang='lat' dir='ltr'>liceat.</span> <span class='ocrx_word' id='word_1_100' title='bbox 1037 1548 1092 1594; x_wconf 88' lang='lat' dir='ltr'>Et</span> <span class='ocrx_word' id='word_1_101' title='bbox 1126 1550 1393 1599; x_wconf 86' lang='lat' dir='ltr'>Weissenb.</span> 
     </span>
     <span class='ocr_line' id='line_1_18' title="bbox 85 1627 1395 1694; baseline 0.002 -20"><span class='ocrx_word' id='word_1_102' title='bbox 85 1628 263 1694; x_wconf 90' lang='lat' dir='ltr'>quidem</span> <span class='ocrx_word' id='word_1_103' title='bbox 284 1647 366 1694; x_wconf 92' lang='lat' dir='ltr'>pro</span> <span class='ocrx_word' id='word_1_104' title='bbox 390 1632 584 1692; x_wconf 77' lang='grc' dir='ltr'><em>Περσεὺς</em></span> <span class='ocrx_word' id='word_1_105' title='bbox 607 1636 948 1691; x_wconf 70' lang='grc' dir='ltr'>ΠΕΡΣΕΟΥΣ,·</span> <span class='ocrx_word' id='word_1_106' title='bbox 983 1627 1115 1674; x_wconf 78' lang='lat' dir='ltr'>iidem</span> <span class='ocrx_word' id='word_1_107' title='bbox 1137 1629 1264 1676; x_wconf 89' lang='lat' dir='ltr'>codd.</span> <span class='ocrx_word' id='word_1_108' title='bbox 1291 1650 1395 1678; x_wconf 89' lang='lat' dir='ltr'>con-</span> 
     </span>
     <span class='ocr_line' id='line_1_19' title="bbox 83 1708 1395 1773; baseline 0.002 -18"><span class='ocrx_word' id='word_1_109' title='bbox 83 1708 257 1755; x_wconf 85' lang='lat' dir='ltr'>firmant</span> <span class='ocrx_word' id='word_1_110' title='bbox 294 1709 412 1773; x_wconf 90' lang='lat' dir='ltr'>quod</span> <span class='ocrx_word' id='word_1_111' title='bbox 445 1709 612 1756; x_wconf 83' lang='lat' dir='ltr'>(ludum</span> <span class='ocrx_word' id='word_1_112' title='bbox 645 1709 827 1755; x_wconf 89' lang='lat' dir='ltr'>solerter</span> <span class='ocrx_word' id='word_1_113' title='bbox 858 1708 1137 1771; x_wconf 83' lang='lat' dir='ltr'>investigarat</span> <span class='ocrx_word' id='word_1_114' title='bbox 1171 1709 1395 1757; x_wconf 88' lang='lat' dir='ltr'>Schellen-</span> 
     </span>
     <span class='ocr_line' id='line_1_20' title="bbox 83 1789 1394 1854; baseline -0.001 -18"><span class='ocrx_word' id='word_1_115' title='bbox 83 1789 206 1852; x_wconf 86' lang='lat' dir='ltr'>berg.</span> <span class='ocrx_word' id='word_1_116' title='bbox 243 1789 488 1836; x_wconf 81' lang='lat' dir='ltr'>Antimach.</span> <span class='ocrx_word' id='word_1_117' title='bbox 525 1809 566 1854; x_wconf 90' lang='lat' dir='ltr'>p.</span> <span class='ocrx_word' id='word_1_118' title='bbox 615 1791 691 1837; x_wconf 87' lang='lat'>56.</span> <span class='ocrx_word' id='word_1_119' title='bbox 764 1790 978 1839; x_wconf 77' lang='grc' dir='ltr'><strong><em>Φυλεὺς</em></strong></span> <span class='ocrx_word' id='word_1_120' title='bbox 1017 1800 1058 1835; x_wconf 87' lang='lat' dir='ltr'>et</span> <span class='ocrx_word' id='word_1_121' title='bbox 1096 1790 1279 1845; x_wconf 79' lang='grc' dir='ltr'><strong><em>Φύλης</em></strong></span> <span class='ocrx_word' id='word_1_122' title='bbox 1313 1809 1394 1853; x_wconf 82' lang='lat' dir='ltr'>pro</span> 
     </span>
     <span class='ocr_line' id='line_1_21' title="bbox 84 1868 1393 1934; baseline -0.001 -17"><span class='ocrx_word' id='word_1_123' title='bbox 84 1887 136 1917; x_wconf 92' lang='lat' dir='ltr'>eo</span> <span class='ocrx_word' id='word_1_124' title='bbox 173 1869 294 1933; x_wconf 91' lang='lat' dir='ltr'>quod</span> <span class='ocrx_word' id='word_1_125' title='bbox 341 1887 422 1916; x_wconf 92' lang='lat' dir='ltr'>nec</span> <span class='ocrx_word' id='word_1_126' title='bbox 457 1869 666 1917; x_wconf 89' lang='lat' dir='ltr'>Krehlius</span> <span class='ocrx_word' id='word_1_127' title='bbox 709 1868 874 1934; x_wconf 88' lang='lat' dir='ltr'>expulit</span> <span class='ocrx_word' id='word_1_128' title='bbox 912 1871 1148 1932; x_wconf 72' lang='grc' dir='ltr'><em>Φιλεὺς,</em></span> <span class='ocrx_word' id='word_1_129' title='bbox 1205 1876 1393 1926; x_wconf 83' lang='grc' dir='ltr'><strong><em>Φίλης.</em></strong></span> 
     </span>
     <span class='ocr_line' id='line_1_22' title="bbox 82 1948 1395 2015; baseline -0.003 -17"><span class='ocrx_word' id='word_1_130' title='bbox 82 1951 195 1998; x_wconf 86' lang='lat' dir='ltr'>Nam</span> <span class='ocrx_word' id='word_1_131' title='bbox 230 1950 347 1998; x_wconf 90' lang='lat' dir='ltr'>Gud.</span> <span class='ocrx_word' id='word_1_132' title='bbox 376 1949 589 2015; x_wconf 58' lang='lat' dir='ltr'>phylezls&#39;,</span> <span class='ocrx_word' id='word_1_133' title='bbox 618 1949 801 2015; x_wconf 51' lang='lat' dir='ltr'>philam</span> <span class='ocrx_word' id='word_1_134' title='bbox 836 1948 1015 1996; x_wconf 84' lang='lat' dir='ltr'>Helmst.</span> <span class='ocrx_word' id='word_1_135' title='bbox 1041 1948 1256 2013; x_wconf 77' lang='lat' dir='ltr'>plzz&#39;leys,</span> <span class='ocrx_word' id='word_1_136' title='bbox 1285 1949 1395 2013; x_wconf 70' lang='lat' dir='ltr'>plci-</span> 
     </span>
     <span class='ocr_line' id='line_1_23' title="bbox 86 2028 1394 2096; baseline -0.001 -20"><span class='ocrx_word' id='word_1_137' title='bbox 86 2031 151 2078; x_wconf 80' lang='lat' dir='ltr'>les</span> <span class='ocrx_word' id='word_1_138' title='bbox 161 2051 179 2088; x_wconf 87' lang='lat'>,·</span> <span class='ocrx_word' id='word_1_139' title='bbox 229 2031 407 2078; x_wconf 88' lang='lat' dir='ltr'>Weiss.</span> <span class='ocrx_word' id='word_1_140' title='bbox 437 2030 638 2095; x_wconf 80' lang='lat' dir='ltr'>plzilez&#39;s,</span> <span class='ocrx_word' id='word_1_141' title='bbox 675 2031 845 2096; x_wconf 79' lang='lat' dir='ltr'>plzz&#39;les.</span> <span class='ocrx_word' id='word_1_142' title='bbox 928 2030 1040 2074; x_wconf 84' lang='lat' dir='ltr'>Tum</span> <span class='ocrx_word' id='word_1_143' title='bbox 1087 2028 1203 2074; x_wconf 89' lang='lat' dir='ltr'>Gud.</span> <span class='ocrx_word' id='word_1_144' title='bbox 1249 2038 1394 2076; x_wconf 84' lang='grc' dir='ltr'><em>Οινι-</em></span> 
     </span>
     <span class='ocr_line' id='line_1_24' title="bbox 84 2109 1397 2174; baseline 0.002 -16"><span class='ocrx_word' id='word_1_145' title='bbox 84 2117 213 2174; x_wconf 80' lang='grc' dir='ltr'><strong><em>δης,</em></strong></span> <span class='ocrx_word' id='word_1_146' title='bbox 246 2110 425 2157; x_wconf 81' lang='lat' dir='ltr'>Helmst.</span> <span class='ocrx_word' id='word_1_147' title='bbox 465 2118 640 2169; x_wconf 76' lang='grc' dir='ltr'><em>Θιδης</em></span> <span class='ocrx_word' id='word_1_148' title='bbox 676 2117 971 2172; x_wconf 82' lang='grc' dir='ltr'><em>Θεονιδης,</em></span> <span class='ocrx_word' id='word_1_149' title='bbox 1008 2109 1185 2155; x_wconf 53' lang='lat' dir='ltr'>WVeiSS-</span> <span class='ocrx_word' id='word_1_150' title='bbox 1217 2116 1397 2160; x_wconf 79' lang='grc' dir='ltr'><em>Τυθες</em></span> 
     </span>
     <span class='ocr_line' id='line_1_25' title="bbox 85 2188 1395 2256; baseline -0.002 -18"><span class='ocrx_word' id='word_1_151' title='bbox 85 2210 142 2238; x_wconf 86' lang='grc' dir='ltr'>τε</span> <span class='ocrx_word' id='word_1_152' title='bbox 189 2197 485 2256; x_wconf 68' lang='grc' dir='ltr'><em>Ογνιθης,</em></span> <span class='ocrx_word' id='word_1_153' title='bbox 539 2211 689 2240; x_wconf 90' lang='lat' dir='ltr'>omnes</span> <span class='ocrx_word' id='word_1_154' title='bbox 745 2193 880 2239; x_wconf 86' lang='lat' dir='ltr'>literis</span> <span class='ocrx_word' id='word_1_155' title='bbox 917 2188 1182 2254; x_wconf 84' lang='lat' dir='ltr'>majusculis.</span> <span class='ocrx_word' id='word_1_156' title='bbox 1261 2189 1395 2236; x_wconf 87' lang='lat' dir='ltr'>Recte</span> 
     </span>
     <span class='ocr_line' id='line_1_26' title="bbox 86 2269 1396 2332; baseline -0.003 -15"><span class='ocrx_word' id='word_1_157' title='bbox 86 2270 333 2318; x_wconf 87' lang='lat' dir='ltr'>Schellenb.</span> <span class='ocrx_word' id='word_1_158' title='bbox 369 2273 517 2329; x_wconf 76' lang='grc' dir='ltr'><em>Τύδης</em></span> <span class='ocrx_word' id='word_1_159' title='bbox 541 2281 581 2320; x_wconf 77' lang='grc' dir='ltr'>τ’</span> <span class='ocrx_word' id='word_1_160' title='bbox 608 2280 818 2332; x_wconf 77' lang='grc' dir='ltr'><em>Οἰνείδης.</em></span> <span class='ocrx_word' id='word_1_161' title='bbox 885 2274 934 2319; x_wconf 89' lang='lat' dir='ltr'>In</span> <span class='ocrx_word' id='word_1_162' title='bbox 957 2270 1092 2318; x_wconf 90' lang='lat' dir='ltr'>altero</span> <span class='ocrx_word' id='word_1_163' title='bbox 1123 2287 1251 2315; x_wconf 84' lang='lat' dir='ltr'>versu</span> <span class='ocrx_word' id='word_1_164' title='bbox 1275 2269 1396 2332; x_wconf 85' lang='lat' dir='ltr'>quod</span> 
     </span>
     <span class='ocr_line' id='line_1_27' title="bbox 85 2348 1396 2418; baseline -0.002 -20"><span class='ocrx_word' id='word_1_165' title='bbox 85 2349 333 2398; x_wconf 88' lang='lat' dir='ltr'>Schellenb.</span> <span class='ocrx_word' id='word_1_166' title='bbox 371 2369 423 2397; x_wconf 76' lang='lat' dir='ltr'>ex</span> <span class='ocrx_word' id='word_1_167' title='bbox 457 2352 557 2403; x_wconf 88' lang='lat' dir='ltr'>edd.</span> <span class='ocrx_word' id='word_1_168' title='bbox 605 2366 702 2401; x_wconf 82' lang='lat' dir='ltr'>vett.</span> <span class='ocrx_word' id='word_1_169' title='bbox 749 2353 942 2418; x_wconf 89' lang='lat' dir='ltr'>suscepit</span> <span class='ocrx_word' id='word_1_170' title='bbox 975 2352 1237 2413; x_wconf 77' lang='grc' dir='ltr'><em>ζωγρήσας,</em></span> <span class='ocrx_word' id='word_1_171' title='bbox 1297 2348 1396 2396; x_wconf 89' lang='lat' dir='ltr'>nul-</span> 
     </span>
    </p>
   </div>
   <div class='ocr_carea' id='block_1_5' title="bbox 0 2430 1395 2495">
    <p class='ocr_par' dir='ltr' id='par_1_6' title="bbox 0 2430 1395 2495">
     <span class='ocr_line' id='line_1_28' title="bbox 0 2430 1395 2495; baseline -0.004 -16"><span class='ocrx_word' id='word_1_172' title='bbox 0 2437 2 2443; x_wconf 86' lang='lat'>&#39;</span> <span class='ocrx_word' id='word_1_173' title='bbox 84 2431 169 2479; x_wconf 91' lang='lat' dir='ltr'>lam</span> <span class='ocrx_word' id='word_1_174' title='bbox 199 2432 330 2479; x_wconf 86' lang='lat' dir='ltr'>habet</span> <span class='ocrx_word' id='word_1_175' title='bbox 366 2433 788 2481; x_wconf 87' lang='lat' dir='ltr'>commendationem</span> <span class='ocrx_word' id='word_1_176' title='bbox 822 2452 846 2480; x_wconf 88' lang='lat' dir='ltr'>a</span> <span class='ocrx_word' id='word_1_177' title='bbox 880 2433 1066 2487; x_wconf 80' lang='lat' dir='ltr'>nostris,</span> <span class='ocrx_word' id='word_1_178' title='bbox 1105 2430 1182 2495; x_wconf 88' lang='lat' dir='ltr'>qui</span> <span class='ocrx_word' id='word_1_179' title='bbox 1217 2430 1261 2475; x_wconf 90' lang='lat' dir='ltr'>in</span> <span class='ocrx_word' id='word_1_180' title='bbox 1298 2448 1395 2488; x_wconf 72' lang='grc' dir='ltr'>φω-</span> 
     </span>
    </p>
   </div>
   <div class='ocr_carea' id='block_1_6' title="bbox 82 2508 1393 2577">
    <p class='ocr_par' dir='ltr' id='par_1_7' title="bbox 82 2508 1393 2577">
     <span class='ocr_line' id='line_1_29' title="bbox 82 2508 1393 2577; baseline -0.004 -17"><span class='ocrx_word' id='word_1_181' title='bbox 82 2514 224 2570; x_wconf 79' lang='grc' dir='ltr'><strong><em>νήσας</em></strong></span> <span class='ocrx_word' id='word_1_182' title='bbox 250 2523 366 2560; x_wconf 86' lang='lat' dir='ltr'>recte</span> <span class='ocrx_word' id='word_1_183' title='bbox 394 2513 671 2577; x_wconf 85' lang='lat' dir='ltr'>conspirant;</span> <span class='ocrx_word' id='word_1_184' title='bbox 707 2513 824 2561; x_wconf 89' lang='lat' dir='ltr'>Gud.</span> <span class='ocrx_word' id='word_1_185' title='bbox 853 2523 997 2563; x_wconf 82' lang='grc' dir='ltr'><em>Οιννιε</em></span> <span class='ocrx_word' id='word_1_186' title='bbox 1018 2517 1143 2568; x_wconf 83' lang='grc' dir='ltr'>Τυὸη</span> <span class='ocrx_word' id='word_1_187' title='bbox 1156 2529 1180 2573; x_wconf 80' lang='lat'><em>;</em></span> <span class='ocrx_word' id='word_1_188' title='bbox 1213 2508 1393 2556; x_wconf 84' lang='lat' dir='ltr'>Helmst.</span> 
     </span>
    </p>
   </div>
   <div class='ocr_carea' id='block_1_7' title="bbox 82 2591 1395 2719">
    <p class='ocr_par' dir='ltr' id='par_1_8' title="bbox 82 2591 1395 2719">
     <span class='ocr_line' id='line_1_30' title="bbox 82 2591 1395 2655; baseline -0.003 -15"><span class='ocrx_word' id='word_1_189' title='bbox 82 2610 292 2655; x_wconf 79' lang='grc' dir='ltr'><em>προςεφες</em></span> <span class='ocrx_word' id='word_1_190' title='bbox 323 2603 459 2650; x_wconf 84' lang='grc' dir='ltr'><em>Ινηυε</em></span> <span class='ocrx_word' id='word_1_191' title='bbox 495 2599 668 2655; x_wconf 74' lang='grc' dir='ltr'><em>Θιδης,·</em></span> <span class='ocrx_word' id='word_1_192' title='bbox 702 2593 879 2640; x_wconf 89' lang='lat' dir='ltr'>Weiss.</span> <span class='ocrx_word' id='word_1_193' title='bbox 919 2602 1061 2642; x_wconf 84' lang='grc' dir='ltr'><em>Οιννιε</em></span> <span class='ocrx_word' id='word_1_194' title='bbox 1094 2597 1240 2654; x_wconf 84' lang='grc' dir='ltr'><em>Τυδε,</em></span> <span class='ocrx_word' id='word_1_195' title='bbox 1279 2591 1395 2636; x_wconf 77' lang='lat' dir='ltr'>unde</span> 
     </span>
     <span class='ocr_line' id='line_1_31' title="bbox 1120 2672 1175 2719; baseline 0.018 -1"><span class='ocrx_word' id='word_1_196' title='bbox 1120 2672 1175 2719; x_wconf 93' lang='lat'>11</span> 
     </span>
    </p>
   </div>
  </div>
 </body>
</html>
