1677 3059
686 249 750 257 -.
874 221 939 265 20
1062 250 1126 257 -

258 358 546 407 familiaritate
592 358 880 405 Anacreontis
918 370 1047 423 atque
1082 359 1269 424 tyranni.
1365 360 1475 407 Nam
1512 360 1569 406 ad

258 439 441 488 Suidam
477 437 654 502 quidem
685 456 775 484 non
812 436 1002 484 debebat
1034 457 1272 503 provocare
1301 438 1505 485 Panoska
1538 438 1563 485 l.

259 539 293 567 c.
328 539 370 584 p.
407 523 508 575 32,
555 536 641 581 per
667 517 830 580 plures
873 519 945 564 ibi
975 538 1123 566 annos
1150 528 1341 583 poetam
1376 519 1567 581 degisse,

258 619 314 646 ne
337 598 471 645 verbo
494 597 673 661 quidem
697 596 1026 660 significantem.
1087 599 1135 645 Si
1159 617 1308 645 velum
1332 608 1409 654 cst,
1445 598 1567 662 quod

259 697 395 745 supra
429 677 721 741 conjecinmS,
760 689 808 724 ut
839 697 937 725 cum
968 680 1243 726 Anacreonte
1275 678 1338 725 ibi
1372 691 1565 726 versatus

261 763 344 818 sit,
404 759 451 806 in
486 776 580 805 eam
616 770 797 804 aetatem
835 760 1026 806 carmina
1061 760 1337 825 potissimum
1373 759 1566 806 incidere

261 841 495 897 amatoria,
530 858 621 885 non
654 839 851 904 ineptum
880 839 1013 886 fuelit
1043 840 1269 904 suspicari.
1337 841 1433 886 IIuc
1465 857 1564 904 spe-

261 934 376 970 ctare
421 919 682 968 crediderim
738 919 1020 984 proverbium
1058 922 1235 968 Macar.
1293 938 1359 984 ap.
1408 919 1563 965 Walz.

260 1002 416 1048 Arsen.
453 999 565 1046 Viol.
600 1018 642 1065 p.
671 1000 780 1047 247.
813 1011 902 1046 not.
950 1004 1163 1058 Zamam)
1197 1003 1339 1062 λύρα.
1373 1003 1449 1047 ἐπί
1473 1002 1566 1047 τῶν

261 1087 318 1133 εἰς
361 1083 541 1144 τρυφὴν
585 1084 906 1136 ἐκκεχυμένων.
988 1081 1056 1127 De
1092 1081 1282 1127 carmine
1328 1080 1473 1144 aliquo
1519 1084 1566 1127 in

262 1162 475 1209 honorem
500 1160 618 1206 Sami
641 1160 889 1224 conscripto
911 1160 1098 1207 diximus
1119 1159 1175 1205 ad
1194 1159 1320 1221 frgm.
1343 1161 1565 1207 XXXVII.

262 1245 313 1290 In
354 1241 503 1288 Sicilia
551 1258 648 1287 cum
699 1239 795 1305 lyra
845 1252 1088 1287 versantem
1143 1240 1259 1286 infra
1309 1239 1566 1287 videbimus.

264 1324 369 1386 Quo
415 1339 557 1386 usque
597 1322 727 1367 vitam
777 1322 1035 1386 produxerit
1079 1333 1231 1388 poeta,
1289 1321 1569 1384 ignoramus;

263 1404 350 1452 nisi
385 1402 508 1468 quod
541 1401 668 1464 frgm.
701 1401 741 1447 II
774 1401 1003 1449 confitetur
1038 1403 1157 1468 ipse,
1194 1421 1240 1450 se
1272 1404 1319 1449 in
1350 1412 1570 1449 senectute

266 1484 548 1532 constitutum
582 1499 689 1528 esse.

394 1563 649 1626 Rheginum
694 1563 837 1610 adhuc
884 1564 1138 1629 simpliciter
1180 1565 1425 1612 vocavimus
1466 1563 1570 1630 Iby-

266 1663 389 1702 cum,
442 1643 534 1690 nixi
568 1643 920 1708 locupletissimis
959 1644 1169 1703 testibus,
1229 1645 1304 1709 qui
1340 1656 1379 1691 et
1424 1654 1572 1709 aperte

268 1737 310 1773 et
340 1736 451 1772 tecte
480 1723 729 1788 significant
761 1724 1026 1787 Rheginum.
1103 1726 1213 1771 Nam
1249 1724 1391 1771 Strab.
1422 1726 1495 1782 VI,
1524 1743 1566 1790 p.

266 1808 374 1853 259.
414 1806 509 1852 Cas.
543 1816 743 1852 nostrum
779 1824 956 1871 quoque
988 1815 1159 1870 poetam
1194 1805 1240 1850 in
1275 1816 1417 1852 mente
1450 1805 1571 1852 vide-

267 1896 340 1931 tur
373 1884 604 1943 habuisse,
641 1886 890 1949 Rheginam
928 1885 1085 1932 urbem
1119 1885 1346 1933 vindicans
1378 1875 1573 1936 πόλλοὺς

268 1966 436 2028 ἄνδρας
479 1973 837 2028 παρασχομένην
884 1969 1041 2017 ἀξίους
1096 1968 1240 2026 λόγου
1252 2002 1269 2029 ‚
1332 1968 1437 2016 τοὺς
1490 1971 1572 2021 μὲν

268 2049 392 2093 κατὰ
428 2050 669 2104 πολιτικὴν
703 2050 901 2110 ἀρετὴν,
958 2047 1065 2096 τοὺς
1100 2052 1148 2092 δὲ
1194 2049 1318 2092 κατὰ
1349 2053 1569 2093 παιδείαν.

267 2126 451 2172 Accedit
481 2126 779 2173 testimonium
813 2126 1231 2182 Grammaticorum,
1291 2128 1365 2191 qui
1401 2126 1572 2173 dialecti

267 2206 494 2269 Rheginae
515 2224 605 2252 non
630 2206 963 2254 testificarentur
1002 2217 1219 2253 auctorem
1248 2207 1457 2273 Ibycum,
1495 2226 1572 2254 ue-

269 2305 353 2350 que
389 2287 564 2334 schema
598 2300 825 2335 vocassent
854 2289 1053 2355 Ibycium
1089 2287 1159 2340 id,
1200 2288 1319 2351 quod
1348 2288 1572 2351 Rhegino-

268 2386 364 2413 rum
400 2367 630 2433 proprium
658 2379 794 2426 esset,
830 2369 914 2415 nisi
937 2369 1120 2434 Ibycum
1143 2368 1313 2430 llliegio
1338 2369 1573 2415 oriundum

269 2465 527 2510 persuasum
547 2446 780 2495 habebant.
849 2448 1085 2495 Advorsari
1121 2449 1292 2495 videtur
1313 2449 1453 2513 primo
1476 2449 1572 2511 qui—

268 2527 366 2574 dem
400 2529 556 2575 obtutu
588 2528 687 2575 huic
711 2530 903 2574 omnium
928 2540 1151 2576 auctorum
1175 2528 1419 2576 testimonio
1451 2528 1571 2592 quod

267 2626 397 2671 supra
435 2608 752 2671 exsignavimus
787 2610 1074 2674 epigramma:
