1677 3059
676 228 739 235 --
849 198 947 245 218
1050 228 1111 234 —

681 339 916 399 Fragm.
979 336 1090 383 LIV.

362 420 505 488 Etym.
542 418 603 465 M.
641 437 683 483 p.
712 420 822 474 273,
858 417 933 464 24.
972 417 1096 484 Sylb.

330 508 656 563 Διέφρασοιι
687 501 819 561 παρὰ
838 499 1027 562 Ἴβυκι.
1057 502 1178 545 ἔστιν
1201 502 1439 560 ἔφθαρσαι
1464 504 1545 546 καί

230 586 357 632 κατὰ
390 584 546 632 πάθος
575 585 776 642 ἔφαρσαι
809 584 891 627 καί
919 584 1033 626 καθ’
1070 583 1314 641 ὑπέρθεσιν
1344 583 1542 639 Ξφρασαι

227 667 310 712 καί
336 666 591 723 ὃιέφρασοιι.
659 659 890 707 Audacula
918 670 1031 707 certe
1058 659 1164 706 haec
1196 659 1344 705 literae
1373 652 1416 707 ᾗ
1437 678 1541 706 con-

226 744 407 809 temptio
444 754 485 789 et
518 741 712 807 liquidae
745 743 1014 798 μετάθεσις,
1052 739 1334 804 conjunctum
1369 739 1416 786 in
1450 757 1539 786 uno

225 823 440 871 vocabulo
468 832 728 885 utrumque:
765 833 808 868 at
833 822 943 868 hanc
979 820 1155 886 quiden]
1192 830 1257 867 est
1289 839 1376 885 quo
1411 839 1540 868 excu-

225 923 295 952 ses
339 902 620 970 plenissime,
675 901 792 949 velut
825 902 969 948 missis
1016 901 1232 947 tralatitiis
1271 901 1540 966 quibusdam

222 986 407 1032 vocibus
439 986 753 1043 πεφαργμένος
787 991 828 1028 et
855 982 1115 1042 ἐφάρξαντο
1151 993 1363 1028 memorat
1391 982 1535 1047 Etym.

223 1068 287 1117 M.
310 1086 352 1132 p.
375 1066 484 1122 667,
509 1065 586 1110 22.
640 1060 729 1110 Cfr.
753 1062 942 1109 Meinek.
969 1060 1167 1125 Euphor.
1195 1079 1236 1126 p.
1265 1062 1368 1109 149.
1427 1063 1536 1109 For-

223 1147 499 1210 mam'jlfssvm
534 1141 714 1189 defendi
749 1141 953 1205 Prolegg.
987 1160 1031 1207 p.
1055 1146 1099 1191 2.

682 1291 718 1337 F
736 1308 759 1336 r
780 1309 804 1337 a
824 1309 853 1354 g
869 1308 924 1337 m.
983 1291 1073 1337 LV.

353 1385 514 1435 Scholl.
550 1388 637 1452 Ap.
670 1386 755 1434 Rh.
791 1387 867 1443 IV,
907 1385 1045 1434 1348.

335 1473 576 1530 Στέρφεσιν
618 1473 826 1528 αἰγείοις.
868 1474 960 1516 τοῖς
992 1472 1230 1529 δέρμασιν.
1280 1469 1412 1514 ἔνθεν
1454 1469 1535 1514 καί

221 1551 492 1612 στερφῶσειι.
522 1550 738 1612 Ἴβυκος
766 1553 814 1595 δὲ
848 1552 1240 1610 στερφωτῆρα
1278 1550 1533 1610 στρατὸν

220 1634 369 1692 εἴρηκε
394 1630 476 1676 τὸν
506 1634 674 1683 ἔχοντα
703 1635 920 1691 δέρματα.
955 1630 1067 1676 ὅθεν
1099 1632 1181 1675 καί
1210 1631 1341 1690 παρὰ
1360 1629 1530 1682 Αἰσχύ-

218 1718 287 1773 λῳ
321 1712 500 1760 ἀξιοῦσι
533 1713 726 1773 γράφειν
758 1714 1138 1770 μελανοστέρφων
1171 1714 1322 1772 γένος,
1360 1713 1451 1761 οὐχ
1472 1709 1530 1759 ὥς

216 1810 329 1843 τινες
359 1797 737 1852 μελανοστέρνων.

347 1872 560 1920 Pellibus
580 1873 778 1919 amictas
803 1871 1040 1918 exercitus.
1108 1867 1272 1915 Eadem
1299 1870 1388 1917 fere
1411 1872 1527 1918 Pha-

216 1954 354 2001 vorin.
388 1972 420 2001 s.
449 1973 485 2000 v.
517 1957 873 2015 στερφοπὲπλου.
944 1948 1080 2012 Quod
1105 1949 1223 2014 apud
1260 1949 1339 1996 hos
1374 1965 1525 2017 poetas

217 2046 282 2082 est
317 2039 536 2098 στέρφος,
570 2040 758 2095 σῖρέφος
791 2051 858 2097 ap.
895 2030 1002 2077 alios
1039 2041 1126 2087 est,
1161 2050 1198 2079 V.
1237 2031 1442 2082 Valcken.
1479 2037 1522 2082 in

216 2114 382 2161 callim.
414 2113 535 2177 Eleg.
573 2133 616 2180 p.
642 2114 777 2171 288„
812 2112 1004 2178 Hesych.
1037 2130 1070 2159 s.
1097 2131 1160 2168 V.,
1195 2114 1433 2177 Aeschylia
1470 2116 1524 2162 de

212 2195 508 2261 Aethiopibus
540 2197 585 2242 in
621 2195 881 2242 Prometheo
919 2193 1060 2240 soluto
1098 2213 1120 2239 a
1153 2194 1385 2243 Titanibus
1421 2215 1523 2261 pro-

213 2277 418 2323 nunciata
454 2276 622 2322 censuit
668 2278 901 2323 Hermann.
946 2272 1008 2321 'de
1051 2273 1210 2321 Aesch.
1258 2275 1404 2320 Prom.
1442 2272 1519 2319 sol.

212 2377 255 2423 p.
295 2359 367 2405 17.
408 2358 482 2408 18.
515 2376 594 2405 seu
631 2358 822 2423 Opuscc..
857 2356 933 2414 IV,
970 2375 1011 2421 p.
1046 2355 1156 2402 269.
