1677 3059
707 200 1146 249 -146-

272 357 393 391 turae
427 341 927 391 accommodatissimum
961 341 1028 387 sit.
1097 341 1210 387 Nam
1235 359 1369 406 quum
1396 340 1578 389 Graecis

271 426 418 472 omnia
460 424 640 470 nomina
679 421 747 468 vel
791 424 1009 478 εὐώνυμα
1056 421 1113 467 ad
1158 440 1285 468 aures
1331 422 1578 470 acciderent

269 504 335 552 vel
369 507 639 567 δυςώνυμοι,
684 520 768 567 pro
805 501 988 549 diversis
1020 513 1248 567 poetarum
1284 503 1475 550 consiliis
1510 499 1577 547 vel

268 587 314 632 in
350 584 597 632 felicitatem
631 583 771 630 indita
803 582 1176 648 praedicabantur
1208 582 1274 630 vel
1307 601 1446 630 secus.
1513 584 1576 628 Ut

267 683 357 712 non
400 675 516 712 recte
563 666 761 729 gravium
802 663 996 711 indolem
1039 674 1293 728 poetarum,
1349 661 1574 729 Aeschyli,

264 742 524 808 Sophoclis,
559 744 852 809 Pindari41)‚
876 777 937 783 —
983 764 1084 792 nam
1119 745 1356 811 Euripides
1394 742 1574 810 quidem

264 824 426 872 labitur
450 857 511 863 —
539 827 725 874 assecuti
759 826 1016 884 videantur,
1053 827 1128 890 qui
1164 827 1280 875 hunc
1313 845 1405 874 non
1437 825 1572 888 tergi-

261 918 488 953 versentur
527 907 672 954 lusum
708 907 927 972 appellare
971 906 1334 973 ¹etymologicun1;
1389 907 1571 954 Graecis

262 987 442 1051 quidem
481 1006 572 1033 non
616 998 717 1034 erat.
795 985 1105 1047 Defungamur
1142 987 1190 1033 in
1225 988 1448 1035 cumulum
1481 1006 1571 1035 uno

259 1067 446 1115 alterove
483 1067 691 1133 exemplo,
763 1065 935 1112 Chorus
970 1067 1129 1112 Aesch.
1166 1068 1249 1130 Ag.
1286 1068 1392 1114 674.
1440 1068 1571 1115 Hele-

258 1167 339 1195 nae
367 1150 503 1195 iratus
524 1148 719 1195 facinore
749 1158 813 1194 tot
846 1147 1014 1194 civibus
1043 1147 1159 1195 letali
1191 1167 1216 1194 a
1245 1149 1426 1195 numine
1460 1166 1571 1212 quo-

257 1229 358 1276 dam
392 1230 452 1290 ita
488 1230 734 1276 institutum
770 1229 908 1287 canit,
954 1239 1002 1274 ut
1037 1234 1184 1287 Ἑλένη
1217 1240 1570 1294 nuncuparetur:

255 1315 350 1357 ἐπεὶ
368 1313 628 1373 πρεπόντως
647 1314 837 1375 Ἑλενᾷς,
850 1312 928 1373 42)
953 1315 1187 1376 ἕλανδρος,
1212 1316 1454 1373 ἑλέπτολις,
1487 1310 1568 1356 ubi

255 1410 523 1457 magnopere
560 1392 778 1439 aberravit
815 1409 839 1437 a
876 1408 975 1437 vero
1011 1390 1329 1449 Wellauerus;
1381 1391 1485 1437 alias
1520 1390 1567 1438 in

255 1473 412 1519 acerba
444 1473 713 1520 cavillatione
748 1472 893 1518 locum
929 1471 1086 1529 habet,
1136 1472 1480 1537 haudquaquam
1509 1472 1568 1518 ad

254 1553 418 1601 lusum:
454 1554 584 1601 veluti
616 1554 775 1601 Aesch.
803 1552 1023 1600 Prometh.
1054 1553 1130 1601 85.
1154 1553 1351 1600 mordaci
1373 1554 1564 1600 nominis

252 1634 607 1700 interpretatione
643 1636 854 1682 miserum
898 1633 1208 1680 Prometheum
1247 1645 1398 1681 enecat
1436 1636 1564 1698 Κρά-

304 1806 373 1853 41)
400 1807 456 1841 De
482 1819 547 1840 usu
578 1806 814 1853 Tragicorum
841 1805 919 1853 lege
948 1805 1144 1840 Hermann.
1171 1804 1281 1851 Soph.
1304 1803 1361 1851 Aj.
1379 1804 1470 1850 425,
1499 1806 1561 1854 qui

381 1873 599 1919 Sophoclem
621 1872 761 1919 egregie
781 1871 953 1906 vindicat:
986 1871 1052 1905 alia
1075 1871 1232 1917 exempla
1255 1879 1419 1919 suggeret
1436 1872 1560 1907 Elmsl.

380 1938 465 1971 Eur.
504 1936 635 1971 Bacch.
667 1938 778 1977 508.;
829 1937 872 1970 de
903 1936 1121 1971 Archilocho
1151 1937 1235 1970 dixit
1260 1936 1394 1971 Liebel.
1424 1951 1458 1984 p.
1482 1938 1559 1981 66„

380 2003 423 2036 de
450 2003 607 2035 Pindaro
636 2001 819 2036 Dissenius
850 2001 909 2035 Ol.
934 2002 996 2044 VI,
1017 2002 1101 2045 56.,
1131 2001 1235 2035 Nem.
1260 2002 1304 2044 II,
1332 2002 1404 2044 lO.‚
1434 2002 1556 2036 Isthm.

381 2070 426 2111 V,
448 2068 508 2102 53.
565 2068 604 2100 In
635 2080 757 2101 caussa
787 2074 890 2113 atque
920 2067 1056 2100 ratione
1079 2067 1183 2112 hujus
1212 2067 1477 2101 consuetudinis
1499 2067 1557 2102 in-

379 2133 542 2181 daganda
563 2145 636 2166 non
657 2142 801 2179 possum
821 2132 1020 2165 consentire
1039 2144 1119 2166 cum
1141 2131 1323 2165 Classcnio
1344 2132 1386 2165 de
1403 2143 1554 2179 gramm.

379 2199 442 2233 Gr.
476 2198 647 2245 primord.
676 2212 709 2245 p.
744 2198 828 2237 35.‚
866 2197 960 2230 solos
992 2197 1164 2243 Tragicos
1193 2196 1465 2240 considerante,
1493 2197 1554 2244 qui

377 2277 468 2311 quae
499 2263 602 2305 dicit,
634 2276 674 2297 ea
701 2269 796 2297 recte
824 2262 978 2308 applices
1009 2262 1053 2295 ad
1084 2263 1272 2296 Ilcsiodiae
1295 2261 1437 2297 scholae
1464 2276 1553 2310 poe—

378 2338 449 2372 tas,
484 2341 558 2362 non
589 2329 633 2362 ad
667 2328 840 2375 tragicos,
868 2327 1009 2373 lyricos.

302 2414 370 2458 42)
407 2413 458 2446 Ita
488 2412 584 2446 enim
621 2412 889 2449 rescribendum
923 2411 1096 2445 (luximus.
1175 2412 1365 2458 Vulgatum
1401 2412 1552 2454 Ἑλένας,

377 2478 472 2524 quod
508 2477 608 2511 nihili
635 2485 704 2521 cst,
754 2476 955 2512 emendavit
984 2476 1171 2510 Elinsleius
1207 2478 1418 2524 reponendo
1457 2477 1553 2514 ‘Ele'-

376 2557 466 2584 ravg.
542 2543 711 2577 Nostrum
748 2550 786 2577 ut
812 2542 960 2590 Ἐχενᾷς
990 2556 1054 2589 pro
1082 2542 1242 2586 Ἐχειάἳζ
1277 2550 1310 2577 et
1348 2557 1439 2591 quae
1473 2550 1553 2579 sunt

376 2608 572 2642 consimilia
598 2608 716 2654 plura.
