1677 3059
560 222 620 230 -
732 193 822 239 113
929 221 994 229 -

116 339 239 401 ᾠδῇ.
296 337 378 383 καί
407 338 601 396 ἐπιφέρει
636 337 737 396 περί
765 333 846 391 τῆς
889 336 1018 384 Ἠοῦς
1050 337 1109 385 oe‘g
1140 337 1318 398 ἥρπασε
1353 348 1426 387 Τί-

114 418 282 465 θωνόν.

228 497 421 562 Exponit
449 495 672 562 praeclara
708 494 788 541 hac
821 493 1115 560 descriptione
1146 496 1425 562 Apollonius,

117 587 166 623 ut
198 577 338 624 Amor
372 594 471 624 cum
508 574 766 642 Ganymede
799 574 846 621 in
889 574 1083 642 Olympo
1119 579 1296 626 tesseris
1333 584 1425 629 ani-

117 675 238 704 mum
273 657 517 705 exhilarans
550 656 758 723 precibus
791 667 935 702 motus
973 658 1156 704 Veneris
1191 658 1428 711 descendat

120 737 178 784 ad
211 736 417 784 Medeam
450 737 627 784 Jasonis
661 735 880 784 desiderio
916 737 1248 785 incendendam.
1329 744 1426 790 Jam

117 816 393 882 inquiramus
439 815 566 882 quale
602 817 732 863 fuerit
767 835 941 864 carmen
985 817 1186 884 Ibycium
1225 821 1270 866 in
1314 823 1427 869 Gor-

118 897 235 960 giam
270 897 590 963 conscriptum‚
626 898 703 962 qui
732 897 910 960 ignotus
933 897 1063 943 homo
1089 909 1153 944 est
1172 918 1315 965 neque
1340 921 1429 950 nie-

117 986 311 1024 moratus
347 977 502 1024 Fossio
551 977 605 1025 de
642 978 777 1039 Gorg.
825 978 976 1023 Leont.
1013 996 1054 1043 p.
1090 980 1164 1026 38.
1254 981 1303 1028 In
1342 1003 1430 1048 quo

118 1056 309 1104 carmine
346 1076 483 1122 quum
513 1070 664 1124 raptus
692 1057 964 1124 Ganymedis
996 1070 1124 1123 atque
1149 1059 1327 1109 Tithoni
1364 1065 1431 1111 di-

117 1149 232 1186 serte
267 1137 440 1185 dicatur
474 1138 681 1196 infuisse,
731 1157 967 1201 coarguere
994 1140 1166 1186 videtur
1202 1140 1307 1189 haec
1341 1164 1428 1191 me-

119 1218 260 1266 moria
280 1217 463 1266 deorum
488 1237 634 1266 amore
656 1219 921 1265 domitorum
946 1220 1315 1287 scriptunrsuisse
1338 1245 1430 1271 car-

120 1318 220 1347 men
264 1299 310 1346 in
347 1300 566 1348 hominem
603 1318 749 1347 amore
794 1301 952 1347 victum
990 1312 1028 1347 ct
1063 1300 1222 1366 ipsum.
1304 1305 1431 1366 Quae

121 1398 277 1428 caussa
307 1392 397 1440 est,
433 1393 482 1428 ut
504 1382 817 1429 sententiarum
841 1382 1090 1447 complexus
1126 1381 1170 1427 in
1195 1381 1311 1431 hunc
1339 1386 1429 1433 sere

119 1461 302 1509 modum
337 1461 564 1508 absolutus
597 1462 728 1509 nobis
767 1463 902 1509 fuisse
939 1462 1156 1510 rideatur:
1218 1467 1430 1514 »Amoris

120 1541 304 1590 vinculis
350 1543 542 1589 irretitus
587 1543 647 1589 mi
693 1543 887 1606 Gorgia,
938 1543 1026 1589 noli
1072 1544 1274 1590 reluctari
1321 1547 1431 1604 Deo,

123 1623 200 1688 qui
232 1628 450 1673 οένίκατος
478 1625 639 1680 μάχαν
673 1634 748 1670 est.
839 1622 964 1686 Quid
1009 1625 1121 1671 enini
1158 1626 1343 1684 mirum,
1397 1629 1433 1674 si

121 1704 325 1753 mortales
361 1704 630 1768 subiguntur
666 1703 835 1750 numini
875 1705 1205 1769 potentissimo,
1265 1708 1332 1753 cui
1380 1727 1433 1754 ne

121 1784 197 1831 Dii
232 1787 411 1851 quidem
439 1786 524 1851 ipsi
556 1786 786 1833 resistant:
822 1784 996 1849 Jupiter
1021 1785 1262 1832 formosum
1289 1787 1435 1851 rapuit

123 1863 444 1928 Ganymedem,
475 1867 716 1913 Tithonum
743 1865 829 1914 sibi
857 1864 1055 1928 adjunxit
1078 1867 1263 1912 Aurora.
1280 1890 1301 1908 «
1360 1868 1433 1913 [Ati

122 1944 214 1992 fere
245 1948 528 1995 ratiocinatur
563 1946 806 2013 Sophocles
843 1965 909 2012 ap.
946 1946 1068 1992 Stob.
1100 1947 1255 2004 LXIII,
1292 1950 1366 1993 25.

181 2025 319 2088 Ἔρως
351 2031 441 2091 γὰρ
477 2029 647 2091 ἄνδρας
677 2032 732 2075 οὐ
767 2029 933 2084 μόνους
962 2033 1198 2089 ἐπέρχεται

187 2111 288 2153 οὐδ’
320 2100 383 2155 αὖ
416 2119 667 2172 γυναῖκας,
703 2111 829 2156 ἀλλὰ
861 2113 943 2156 καί
975 2112 1098 2155 θεῶν
1133 2109 1228 2154 ἀνω

188 2189 336 2244 ψυχὰς
363 2191 582 2250 χαράσσει
617 2193 736 2236 κάπὶ
766 2191 937 2236 πόντον
969 2193 1160 2251 ἔρχεται.

189 2269 270 2311 καί
299 2268 419 2315 τόνδ’
452 2273 680 2332 ἁπειργεῖν
710 2274 810 2316 οὐδ’
844 2274 869 2317 ὁ
905 2272 1178 2332 παγκρατὴς
1212 2275 1359 2316 σθένει

187 2348 327 2409 Ζεὺς,
363 2352 466 2394 ἀλλ’
501 2352 671 2396 ὑπείκει
708 2355 788 2397 καί
819 2357 971 2397 θέλων
1002 2355 1266 2411 ἑχκλίνεται.
1298 2381 1363 2388 -—

253 2425 494 2487 Quaeritur
541 2428 653 2491 jam,
722 2449 808 2494 qua
852 2432 1018 2477 ratione
1064 2431 1111 2477 id
1156 2432 1201 2476 in
1247 2433 1436 2479 carmine

123 2504 275 2572 Ibycio
311 2507 513 2565 infuerit,
551 2508 672 2572 quod
706 2522 927 2575 sumptum
964 2511 1066 2556 inde
1102 2511 1337 2575 Apollonio
1375 2523 1436 2559 te-

126 2595 297 2633 stantur
328 2586 607 2636 Scholiastae.
677 2589 945 2654 Exposuisse
971 2593 1142 2640 videtur
1166 2603 1292 2657 poeta
1317 2592 1436 2638 Rhe-

1131 2673 1163 2720 8
