1677 3059
671 167 1103 216 —186—

237 312 386 358 leviter
419 307 745 365 ratiocinando,
781 324 871 353 non
904 315 1127 351 assecutus
1151 304 1362 367 originem
1389 316 1430 352 et
1449 305 1534 352 vim

236 390 421 438 fabulae.
491 388 657 435 Eodem
693 388 882 453 respexit
915 385 1070 434 Achill.
1104 386 1196 432 Tat.
1233 386 1266 441 Ι,
1296 386 1366 433 18.
1390 404 1431 450 p.
1454 386 1530 433 24.

233 472 408 519 Jacobs.
435 472 583 518 “va
613 460 646 530 ᾗ
678 471 772 516 τῶν
802 473 1068 525 Ὀλυμπίων
1099 469 1231 528 ἑορτὴ
1269 471 1433 513 πολλοί
1452 472 1532 523 μὲν

234 559 291 604 εἰς
323 554 404 602 τας
439 556 565 600 δίνας
603 553 688 596 τοί
731 553 946 607 ποταμοῦ
990 550 1209 595 καθιᾶσιν
1244 547 1379 598 ἄλλος
1411 548 1531 594 ἄλλα

233 637 384 695 δῶρα·
417 630 442 679 ὁ
475 635 523 678 δὲ
555 632 697 682 εὐθὺς
719 633 830 694 πρὸς
857 632 943 687 τὴν
970 634 1196 690 ἐρωμένην
1232 630 1416 683 κομίζει.
1453 628 1534 672 καί

231 717 382 761 ταῦτα
411 715 531 759 ἐστι’-ν
565 717 675 760 ἕδνα
707 714 946 775 ποταμοῦ,
980 729 1016 756 v.
1041 709 1184 775 Intpp.
1212 708 1388 755 Lucian.
1415 706 1529 754 diall.

230 795 383 842 marin.
404 793 455 839 ΙΙ.
480 812 521 858 p.
549 796 654 841 353.
685 793 809 858 Bip.‚
847 790 998 837 Senec.
1029 801 1209 854 qnaestt.
1245 800 1348 836 natt.
1386 792 1429 846 3,
1451 792 1527 839 26.

230 875 425 923 Eandem
467 874 602 936 igitur
643 870 836 918 fabulam
872 881 1066 916 narrarat
1112 882 1238 934 poeta
1283 870 1528 934 Rheginus,

229 969 276 1004 ut
309 954 573 1003 Arethusam
607 951 783 998 doceret
802 949 962 1015 Alphei
996 951 1127 996 undis
1164 949 1392 1014 compleri3
1427 967 1528 996 nar-

227 1048 396 1085 raverat
419 1032 639 1099 Alpheum
661 1030 879 1078 labentem
901 1029 1053 1077 subter
1076 1050 1192 1077 mare
1215 1030 1386 1076 misceri
1408 1029 1527 1076 fonte

228 1119 509 1180 Syracusano
543 1111 778 1168 Arethusa,
813 1129 924 1177 quae
960 1109 1110 1157 fabula
1147 1110 1366 1157 communi
1401 1108 1528 1156 Sicu-

227 1199 368 1246 lorum
427 1195 652 1241 hominum
705 1192 981 1258 persuasioni
1032 1191 1298 1239 inhaerebat.
1378 1190 1526 1255 Expo-

227 1279 314 1327 suit
356 1278 410 1324 de
453 1276 622 1339 origine
655 1273 1018 1321 celebratissimae
1049 1290 1129 1338 per
1168 1283 1301 1318 totam
1336 1270 1525 1334 antiqui-

224 1372 354 1407 tatem
389 1357 564 1404 fabulae
597 1354 829 1402 Dissenius
863 1351 1001 1417 Expll.
1026 1352 1152 1399 Pind.
1187 1371 1228 1417 p.
1253 1355 1359 1399 350.
1396 1362 1437 1399 et
1468 1350 1522 1398 Ο.

221 1439 419 1490 Mueller.
454 1438 656 1501 Prolegg.
693 1434 880 1499 Mythol.
915 1453 957 1499 p.
993 1435 1082 1480 135
1107 1451 1224 1498 sqq.;
1274 1432 1392 1479 locos
1427 1442 1522 1479 vett.

224 1520 527 1585 constiparunt
559 1517 700 1565 Hand.
732 1517 835 1564 Stat.
874 1516 974 1563 Silv.
1011 1515 1044 1571 Ι,
1082 1519 1126 1571 2,
1153 1517 1285 1570 203.,
1318 1513 1520 1559 Boisson.

220 1603 356 1649 Nicet.
393 1602 560 1663 Eugen.
595 1600 644 1644 T.
678 1598 732 1653 ΙΙ,
763 1616 804 1662 p.
837 1599 970 1652 207,
1002 1593 1199 1642 Oberlin.
1226 1594 1322 1640 Yib.
1354 1594 1454 1658 Seq.
1478 1612 1519 1658 p-

219 1684 352 1739 219.‚
404 1682 601 1728 Creuzer.
639 1678 800 1726 Melett.
837 1696 877 1742 p.
911 1677 972 1724 78
996 1695 1090 1740 sqq.
1129 1687 1168 1721 et
1205 1677 1279 1740 qui
1314 1676 1522 1740 pleraque

220 1764 367 1810 onmia
401 1760 649 1826 complexus
685 1771 772 1816 est,
810 1757 976 1805 Cluver.
1013 1757 1128 1804 Sicil.
1165 1757 1295 1821 antiq.
1332 1776 1372 1821 p.
1416 1758 1518 1803 159.

217 1844 370 1909 Neque
416 1842 648 1889 defuerunt
683 1839 843 1887 similes
880 1839 934 1886 de
968 1839 1109 1886 fluviis
1153 1838 1383 1885 Germanis
1420 1855 1519 1883 uar-

219 1922 435 1979 rationes,
471 1923 555 1969 vid.
589 1923 831 1970 Monumm.
869 1920 1140 1968 Paderborn.
1174 1938 1214 1985 p.
1246 1921 1351 1964 220.
1392 1948 1451 1954 —-

352 2002 494 2064 Quale
531 2015 671 2050 autem
704 2003 839 2049 fuisse
876 2001 1150 2049 censebimus
1186 2018 1359 2047 carmen
1395 1999 1517 2057 illud,

220 2102 307 2149 quo
343 2082 448 2130 haec
483 2084 731 2148 complexus
766 2083 848 2130 fuit
879 2093 1008 2148 poeta
1042 2082 1303 2144 Rheginus?
1370 2080 1518 2142 Conji-

218 2165 284 2211 cio
333 2164 546 2229 hymnum
589 2164 725 2212 fuisse
769 2165 813 2211 in
858 2165 1026 2211 Dianae
1070 2161 1279 2208 honorem
1327 2163 1517 2208 conscri-

217 2257 365 2311 ptum,
403 2263 514 2310 quae
551 2257 591 2291 et
627 2264 775 2293 ausam
811 2245 930 2293 dedit
964 2242 1139 2291 fabulae
1173 2252 1213 2288 et
1248 2242 1293 2289 in
1328 2242 1516 2305 Ortygia

220 2325 419 2389 religiose
456 2325 568 2372 culta
598 2327 679 2373 fuit
714 2346 854 2393 neque
889 2327 1032 2374 minus
1068 2324 1250 2387 Rhegii‚
1299 2323 1375 2369 ubi
1409 2334 1516 2369 tem-

217 2405 338 2470 plum
385 2407 467 2454 fuit
507 2407 787 2455 Phacelitidis
830 2419 1104 2473 nuncupatae
1149 2405 1203 2452 ab
1254 2405 1515 2451 Oreste.ex-

217 2496 452 2545 structum,
489 2500 535 2535 ut
563 2489 877 2554 perhibebant,
914 2509 948 2534 v,
979 2497 1204 2534 comment.
1233 2496 1425 2533 nostram
1462 2484 1516 2531 de

217 2567 358 2613 Diana
387 2568 516 2617 Phae.
555 2582 595 2617 et
628 2571 769 2619 Orest.
807 2590 847 2636 p.
887 2571 945 2618 21
974 2588 1069 2635 sqq.
