1677 3059
236 955 331 1036 Ut
365 1004 390 1033 a
419 985 575 1051 primis
605 985 792 1051 profecti
815 984 951 1032 initiis
983 984 1190 1051 deinceps
1220 987 1278 1035 ad
1309 1007 1409 1053 gra-

99 1065 220 1113 viora
269 1066 632 1132 progrediamur,
694 1083 855 1112 nomen
897 1064 1022 1132 Ibyci
1075 1066 1182 1113 vatis
1236 1066 1292 1114 ab
1343 1071 1409 1117 avi

97 1146 289 1211 quadam
321 1147 451 1214 ibyce
479 1147 658 1195 ductum
690 1145 926 1193 memoriae
959 1145 1156 1211 produnt
1179 1147 1409 1198 Gramma-

95 1226 306 1286 ficorum,
362 1228 493 1277 veluti
537 1229 680 1294 Etym.
731 1225 847 1272 Gud.
894 1245 937 1292 p.
973 1229 1082 1277 268.
1118 1229 1196 1276 47.
1242 1234 1407 1296 ἰστέον,

93 1310 166 1358 ὅτι
197 1311 329 1372 παρὰ
359 1311 413 1358 τὸ
452 1313 552 1374 ἵβυξ
586 1312 768 1372 ἲβυκος,
815 1308 924 1370 ὅπερ
949 1311 1072 1356 ἐστίν
1101 1303 1216 1361 εἶδος
1248 1317 1407 1374 ὀρνέου

94 1391 520 1454 κρακτικοῦ,1)
567 1393 723 1450 γέγονε
752 1389 804 1434 τὸ
841 1390 1020 1451 ἲβυκος,
1071 1394 1205 1438 ἔνθεν
1234 1396 1406 1453 ἐγένετο

94 1474 145 1522 τὸ
171 1476 414 1536 ι’βυκινίσαι
426 1506 444 1534 ,
479 1470 590 1531 ὅπερ
620 1469 745 1516 κατὰ
778 1471 968 1530 φθορὰν
1001 1476 1179 1532 λέγεται
1212 1478 1408 1535 βουκινί-

91 1571 187 1601 σαι.
256 1552 344 1599 Cfr.
373 1552 516 1618 Etym.
554 1551 614 1597 M.
653 1569 695 1615 p.
728 1549 854 1606 464,
890 1550 1106 1618 Hesych.‚
1143 1551 1268 1599 Suid.
1305 1571 1338 1601 s.
1369 1573 1405 1601 v,

95 1633 294 1698 Eamque
334 1631 525 1680 nominis
569 1631 906 1695 originationem
950 1649 1041 1677 non
1083 1631 1272 1680 obscure
1312 1646 1407 1681 tan-

95 1714 160 1778 git
191 1713 351 1762 Athen.
387 1712 503 1759 XIII.
526 1731 569 1778 p.
593 1713 700 1761 601.
723 1713 775 1760 B.
806 1715 889 1760 καί
919 1714 944 1759 ὁ
981 1714 1186 1773 Ῥηγῖνος
1217 1718 1266 1760 δέ
1294 1714 1407 1778 Ἴβυ·

94 1812 174 1847 κος
206 1797 297 1860 βοᾷ
327 1797 409 1843 καί
443 1799 759 1858 κέκραγεν,
817 1792 1059 1857 respiciens
1104 1792 1176 1841 ille
1213 1805 1254 1840 et
1287 1794 1407 1841 radi-

97 1894 191 1924 cem
231 1875 422 1923 nominis
469 1887 510 1922 et
549 1874 836 1922 furibundam
880 1873 1158 1920 affectionem
1201 1874 1406 1921 carminiS

85 1956 319 2015 amatorii,
372 1957 494 2022 quod
537 1955 668 2003 nobis
702 1955 846 2021 primo
891 1953 988 2001 loco
1034 1953 1294 2001 collocatum
1330 1966 1404 2001 est.

96 2036 235 2100 Quid,
271 2037 394 2103 quod
417 2039 464 2086 in
492 2039 634 2105 Etym.
655 2037 717 2083 M.
740 2055 782 2102 p.
809 2037 922 2094 273,
957 2034 1033 2082 24.
1074 2033 1250 2099 (fragm.
1270 2036 1404 2100 LIV.)

93 2128 224 2184 poeta
265 2119 361 2185 ipse
408 2130 588 2166 vocatur
625 2117 779 2181 Ἰβυξ,
833 2127 882 2163 ut
934 2114 1065 2178 vulgo
1112 2114 1273 2161 dicitur
1315 2116 1407 2163 Κό-

93 2201 210 2264 ραξ,
244 2200 410 2261 Ἱέραξῖ)
473 2201 573 2247 Non
608 2210 731 2245 caute
767 2197 884 2245 enim
920 2194 1128 2262 Sylburg.
1166 2194 1302 2260 praef.
1338 2195 1404 2241 Et.

93 2279 154 2326 Μ.
186 2297 228 2344 p.
252 2279 347 2325 VII.
372 2280 491 2345 Lips.
528 2280 613 2326 hoc
643 2277 808 2326 rettulit
841 2278 954 2324 inter
986 2295 1059 2333 ea⁷
1099 2294 1210 2340 quae
1242 2276 1287 2322 in
1308 2275 1405 2341 ipso

92 2359 384 2427 Etymologici
419 2361 727 2408 concinnatore
760 2375 991 2406 censuram
1010 2367 1270 2405 mereantur.
1342 2357 1405 2404 Ita

147 2558 189 2605 1)
216 2558 343 2593 Induxi
371 2554 460 2593 ὅθεν
488 2563 567 2590 ame
595 2557 732 2600 γέγονεε
772 2555 895 2602 ἴβυκος
921 2552 1019 2601 prius
1049 2560 1099 2587 est
1126 2552 1298 2601 genitivus
1326 2532 1402 2586 voc.

225 2624 318 2671 ἴβυξ.
375 2623 417 2657 In
446 2623 563 2668 Etym.
591 2621 644 2655 M.
676 2633 768 2656 corr.
793 2608 1027 2668 uaratptfiogaciv
1052 2632 1117 2665 pro
1145 2617 1353 2667 petatpoorir.

1128 2685 1151 2732 1
1167 2696 1186 2717 ια
