1677 3059
669 215 733 224 ....
861 186 925 232 72
1024 214 1088 222 —

213 330 310 395 ipso
352 326 635 383 effinxerunt,
687 342 817 391 quem
858 323 1119 372 inventionis
1161 322 1328 371 honore
1362 335 1522 372 macta-

215 420 332 467 rent,
369 409 427 455 ita
462 405 789 454 similitudinem
821 405 918 451 soni
953 403 1130 451 scrutati
1163 402 1233 450 alii
1273 405 1525 469 Rheginum

217 489 400 556 Ibycum
434 485 662 550 iambycae
694 495 962 548 repertorem
996 483 1310 532 existimabant.
1396 488 1527 551 Ejus-

219 569 318 616 dem
351 568 517 614 farinae
554 575 643 622 est,
687 563 807 628 quod
840 575 1012 630 praeter
1043 563 1225 610 suidam
1251 565 1322 612 alii
1346 567 1526 614 Lexico-

219 647 378 714 graphi
411 643 729 712 prodiderunt,
767 645 1033 708 excogitasse
1068 655 1242 710 poetam
1276 645 1528 709 Rheginum

219 729 558 775 instrumentum
601 726 814 788 Ἰβύκινον
855 726 909 773 de
954 726 1052 791 ipso
1099 725 1388 791 appellatum,
1440 745 1528 791 quo

223 808 339 856 Galli
383 809 429 855 in
464 804 590 852 bellis
636 818 787 853 contra
829 807 1055 853 Romanos
1100 805 1284 854 feliciter
1317 809 1386 855 usi
1428 809 1526 856 sint.

221 887 354 935 Unde
385 887 570 935 verbum
591 884 858 934 descendere
892 891 1153 951 ἰβυκινίσαι,
1190 900 1445 954 corruptum
1479 890 1533 937 il-

223 967 301 1014 lud
334 979 487 1033 postea
509 966 576 1026 *in
611 972 877 1029 βουκινίσαι.
962 969 1201 1029 Ἰβυκάνην
1241 981 1397 1017 vocant
1433 970 1532 1029 alii;

223 1051 497 1113 ἶβυκανῆτοει
530 1049 625 1094 abaco*
662 1047 835 1110 Ἰβύκου
867 1048 1050 1107 εὑρετοῦ
1086 1058 1127 1094 et
1155 1066 1266 1112 quae
1298 1062 1534 1099 narrantur

222 1128 398 1176 relicua.
484 1127 635 1174 Otium
680 1126 795 1174 enim
838 1124 970 1172 nobis
1015 1126 1118 1174 fecit
1154 1128 1230 1192 qui
1276 1131 1535 1196 constipavit

225 1208 379 1256 sordes
417 1209 522 1255 istas
560 1213 762 1255 ex'mera
795 1205 1044 1269 ignorantia
1073 1208 1179 1272 recti
1217 1220 1358 1269 ortas,
1400 1212 1534 1259 Henr.

227 1289 377 1355 Steph.
402 1288 533 1336 Thes.
560 1290 609 1336 L.
636 1287 713 1335 Gr.
737 1305 769 1333 s.
794 1306 831 1334 v.
898 1287 1019 1336 Nihil
1045 1288 1234 1336 buccina
1260 1309 1404 1356 neque
1426 1292 1536 1341 buc-

227 1371 442 1419 cinatores
479 1369 536 1417 ad
565 1379 739 1435 poetam
769 1378 969 1415 nostrum
1000 1379 1221 1434 spectant,
1259 1370 1334 1417 cfr.
1362 1374 1535 1421 Kuster.

227 1451 285 1498 ad
319 1451 444 1498 Suid.
481 1469 514 1499 s.
552 1471 589 1497 v.
628 1451 858 1515 ἰβύκινον,
896 1448 1250 1512 Schweighaeus.
1289 1451 1346 1498 ad
1380 1452 1536 1519 Polyb.

227 1533 282 1589 II,
317 1533 393 1579 29.
430 1561 491 1568 --
557 1532 757 1579 Praestat
792 1528 849 1576 ad
879 1529 993 1577 seria
1027 1530 1172 1578 redire
1205 1529 1260 1577 de
1283 1531 1417 1580 rebus
1448 1551 1539 1581 me-

227 1612 347 1662 tricis
383 1623 514 1677 atque
547 1610 807 1678 rhythmicis
844 1610 1131 1676 exposituros.

361 1692 513 1755 Quum
557 1691 797 1739 Stesichori
833 1702 963 1756 atque
1002 1692 1128 1761 Ibyci
1162 1693 1310 1759 poesis
1347 1711 1395 1739 ex
1430 1694 1539 1759 ipsis

230 1773 498 1821 carminibus
522 1774 657 1840 epicis
684 1773 961 1831 effloruisset,
995 1774 1210 1838 originem
1236 1792 1359 1821 suam
1384 1786 1424 1822 et
1446 1775 1540 1822 aliis

229 1856 275 1903 in
310 1855 445 1902 rebus
488 1854 723 1903 custodivit
758 1866 798 1902 et
832 1856 880 1902 in
916 1855 1086 1903 ratione
1120 1867 1381 1914 metrorum,
1432 1875 1543 1920 quae

228 1954 434 1999 magnam
474 1947 644 2002 partem
679 1934 943 2003 dactylicum
978 1935 1232 2003 rhythmum
1271 1936 1435 1983 habent
1478 1937 1545 1984 vel

230 2017 453 2079 integrum
487 2018 554 2065 vel
589 2016 907 2081 logaoedicum.
977 2017 1091 2064 Illud
1126 2030 1271 2065 tamen
1307 2017 1545 2064 observan-

233 2097 339 2144 dum
363 2109 440 2155 est,
470 2097 770 2146 hexametrum
794 2098 1019 2146 heroicum
1043 2098 1279 2145 admodum
1304 2118 1403 2146 raro
1426 2098 1547 2165 apud

233 2199 307 2227 eos
333 2178 540 2243 reperiri;
576 2197 707 2245 saepe
737 2196 889 2226 versus
916 2180 1190 2237 minutiores,
1217 2180 1393 2244 saepius
1418 2198 1548 2226 usur-

234 2272 360 2327 patos
396 2260 610 2319 videmus,
651 2260 727 2326 qui
762 2259 997 2307 hexametri
1032 2260 1197 2308 heroici
1232 2261 1440 2308 terminos
1477 2280 1549 2307 ex-

236 2353 423 2390 currant.
493 2341 545 2387 In
580 2359 666 2406 qua
700 2359 748 2389 re
781 2352 925 2388 tamen
956 2340 1194 2388 videndum
1228 2353 1316 2400 est,
1352 2360 1407 2388 ne
1441 2340 1550 2417 (IQ

237 2425 366 2470 nimis
403 2421 677 2470 confidamus
713 2422 958 2489 praeceptis
1004 2423 1401 2470 Grammaticorum
1436 2420 1564 2467 vete-⁷⁷

236 2523 360 2560 runi,
399 2505 473 2568 qui
508 2504 747 2550 verendum
779 2515 844 2550 est
874 2522 957 2562 ne,
991 2504 1071 2551 ubi
1096 2504 1150 2552 de
1175 2503 1374 2551 versibus
1398 2503 1550 2568 dacty-

238 2585 331 2631 licis
369 2584 644 2648 longioribus
675 2602 920 2632 sermonem
952 2585 1133 2645 faciunt,
1168 2585 1233 2632 vel
1268 2583 1547 2649 logaoedicos
