1677 3059
525 222 589 229 -—
699 206 781 239 XIX
900 219 965 225 --·

83 334 169 380 bat.
251 334 362 379 Nam
396 334 442 380 in
485 331 680 381 Zendico
714 327 865 386 tituIO,
916 331 1152 396 interprete
1191 332 1396 380 Grote-

83 417 256 467 fendo
294 419 436 485 (apud
470 417 840 474 Heerenium,
876 417 1016 464 Idear.
1050 419 1084 474 I,
1119 419 1171 465 II.
1208 437 1250 484 p.
1284 422 1391 466 372.

84 506 151 554 ed.
185 506 374 564 1824),
434 523 594 552 nomen
637 503 786 565 magni
833 504 949 566 regis
996 516 1061 552 est
1094 506 1391 562 Kasmesck;

83 604 212 657 atque
258 592 460 640 Hebraeo
508 610 583 638 ore
617 590 734 637 idem
777 608 937 637 nomen
984 592 1132 638 efferri
1180 593 1390 649 Cor-esch,

81 679 288 726 omnibus
321 678 598 724 notissimum
634 688 708 725 est.
778 675 950 738 Quidni
981 677 1236 736 credamus,
1271 680 1389 727 hunc

83 766 247 832 Cyrum
280 764 335 810 ab
358 763 616 827 aequalibus
648 763 830 812 Graecis
864 764 908 809 in
936 763 1067 810 Samo
1090 765 1232 811 insula
1259 768 1387 813 Κυά-

79 871 165 915 ρην
210 850 374 897 dictum
414 867 535 908 esse,
587 861 820 914 antequam
853 849 1044 896 nominis
1086 854 1236 914 Κῦρος
1277 871 1385 899 usus

77 937 199 1005 apud
233 954 385 984 omnes
422 936 616 983 Graecos
639 936 952 983 invalesceret?
1015 938 1116 984 Non
1147 938 1271 985 aliter
1294 939 1384 985 Da-

75 1025 192 1082 rius,
229 1042 360 1089 quem
393 1023 571 1070 Persica
593 1022 744 1086 lingua
775 1023 1070 1070 Dariauesclz
1103 1024 1267 1073 dictum
1289 1043 1383 1072 esse

74 1111 276 1169 tradunt,
318 1128 409 1156 non
443 1127 618 1174 semper
652 1116 862 1174 Δαρεῖος,
905 1108 984 1155 sed
1018 1111 1239 1178 Aeschylo
1275 1125 1381 1160 teste

77 1199 204 1246 etiam
230 1198 425 1259 Δαρειοὶν
456 1194 697 1242 dicebatur.
762 1195 941 1242 Samum
967 1209 1107 1244 autem
1132 1216 1187 1245 ne
1210 1217 1233 1245 a
1262 1199 1378 1265 Cyro

75 1284 255 1350 quidem
289 1283 500 1330 devictam
535 1300 652 1338 esse,
689 1282 726 1328 si
760 1281 868 1328 dixit
901 1282 1090 1348 Ibycus,
1140 1286 1378 1333 rectissime

74 1372 193 1419 dixit.
265 1371 444 1417 Constat
475 1369 604 1426 enim,
642 1368 745 1414 dum
772 1369 913 1435 Cyrus
941 1382 1156 1431 regnaret,
1198 1371 1376 1418 Samum

72 1477 96 1506 a
132 1457 358 1504 dominatu
399 1455 693 1503 barbarorum
726 1454 909 1502 liberam
946 1467 987 1502 ct
1021 1458 1154 1504 maris
1191 1458 1375 1523 imperio

68 1544 255 1592 validam
289 1542 449 1598 suisse3
486 1554 527 1589 et
559 1542 822 1589 narrabatur
843 1543 969 1590 ctiam
1003 1543 1057 1590 de
1092 1543 1206 1590 bello
1243 1562 1268 1591 a
1295 1544 1375 1590 Sa-

67 1632 167 1680 miis
214 1640 365 1677 contra
400 1629 565 1695 Cyrum
609 1640 757 1691 gesto,
815 1629 939 1676 euius
976 1630 1158 1677 historia
1194 1642 1284 1677 erat
1328 1631 1373 1677 in

67 1718 193 1765 libris
219 1716 518 1783 *Pythagorae
559 1715 706 1762 Samio
741 1715 853 1763 salso
897 1716 1086 1764 tributis.
1177 1719 1252 1782 (V.
1287 1718 1372 1765 Pa-

67 1805 205 1852 nofka
233 1803 417 1850 Samior.
448 1821 530 1849 rer.
565 1821 607 1867 p.
641 1803 739 1867 34.)

193 1891 244 1937 In
271 1889 342 1936 his
377 1907 490 1954 quae
529 1890 771 1954 proposui,
821 1908 991 1938 summa
1025 1902 1194 1937 tantum
1228 1892 1370 1957 capita

65 1977 412 2042 disputationum
451 1987 625 2022 tuarum
671 1977 806 2041 attigi.
902 1978 1081 2043 Quippe
1128 1977 1182 2024 de
1223 1978 1369 2024 multis

64 2063 198 2110 multa
233 2063 402 2120 dicere,
458 2062 526 2109 lex
559 2073 672 2109 vetat
710 2063 962 2130 scriptionis
999 2063 1142 2110 huius.
1223 2064 1369 2128 Atque

64 2160 182 2196 tanta
220 2162 285 2197 est
316 2150 363 2197 in
396 2150 483 2197 tuis
518 2150 863 2207 commentariis,
915 2149 989 2214 qui
1022 2149 1068 2194 in
1106 2150 1242 2216 Ibyco
1279 2168 1369 2196 non

63 2254 236 2300 semper
268 2236 537 2294 subsistunt,
571 2236 650 2283 sed
685 2238 811 2283 etiam
848 2235 905 2282 ad
941 2235 1254 2293 Stesichorum,
1291 2236 1368 2282 Al-

63 2340 238 2379 caeum,
291 2322 398 2368 alios
445 2322 610 2387 lyricos
657 2322 938 2387 explicandos
990 2334 1031 2369 ct
1069 2321 1367 2369 emendandos

60 2426 193 2473 saepe
229 2407 548 2473 exspatiantur,
595 2428 743 2457 rerum
776 2409 955 2456 ubertas
991 2420 1032 2456 et
1065 2408 1274 2466 varietas,
1323 2421 1363 2455 ut

58 2494 194 2541 multa
228 2511 340 2558 quae
378 2493 425 2540 in
460 2493 646 2556 legendo
684 2515 754 2543 me
800 2506 1149 2552 commoverunt,
1203 2494 1273 2541 hic
1308 2496 1365 2541 si-

55 2579 189 2628 lentio
222 2579 606 2646 praetermittenda
639 2582 734 2629 sint.
824 2583 874 2628 Iu
911 2601 998 2646 quo
1043 2583 1365 2629 commentandi

1094 2667 1154 2714 b*
