1677 3059
538 221 970 269 ..43-

95 371 140 416 in
182 361 444 414 declarando
477 361 624 428 poesis
667 360 845 428 Ibyciae
879 370 922 408 et
963 357 1255 406 Stesichoriae
1289 379 1403 409 nexu

96 447 254 495 summi
294 444 504 493 momenti
545 460 640 491 esse
686 440 888 488 diximus.
980 441 1044 487 Ita
1094 440 1210 488 enim
1251 440 1405 488 scribit

97 527 255 576 Athen.
287 526 361 575 IV.
393 543 436 591 p.
462 526 566 573 172.
589 524 644 571 D.
711 523 974 579 Πεμμάτων
999 525 1049 569 δὲ
1080 522 1263 583 πρῶτόν
1292 540 1407 583 φησι

97 611 407 666 μνημονεῦσαι
448 605 685 655 Πανύασιν
723 608 960 666 Σέλευκος,
1017 607 1065 650 ἐν
1096 598 1162 653 οἷς
1194 606 1297 665 περιΙ
1326 605 1408 661 τῆς

97 696 207 751 παρ’
243 693 507 750 Αἰγυπτίοις
538 688 939 747 ἀνθρωποθυσίας
971 688 1222 747 διηγεῖται,
1257 687 1411 732 πολλοὶ

97 774 180 827 μὲν
198 775 423 817 ἐπιθεῖναι
451 774 597 828 λέγων
621 770 868 829 πέμματα,
903 765 1078 813 πολλάς
1105 767 1155 810 δὲ
1184 768 1411 817 νοσσάδας

101 849 353 913 ὄρνεις,14)
391 853 611 910 προτέρου
644 845 1012 907 Στησιχόρου
1045 848 1076 902 ἢ
1108 845 1331 908 Ἰβύκου
1364 851 1412 894 ἐν

96 929 269 980 Ἄθλοις
299 933 674 990 ἐπιγραφομένοις
706 926 967 989 εἰρηκότος·

170 1014 356 1072 Φέρεσδε
387 1011 449 1057 τά
478 1011 837 1073 παρθενόδωρα,

166 1096 428 1147 σασαμίδας
458 1090 654 1153 χόνδρον
685 1110 734 1138 τε
767 1092 848 1138 καί
874 1093 1105 1152 ἐγκρίδας,

168 1170 292 1218 ἄλλα
323 1189 372 1218 τε
404 1177 624 1228 πέμματα
658 1174 739 1218 καί
769 1176 868 1228 μέλι
902 1171 1092 1231 χλωρόν.

101 1253 203 1300 ’Ὁτι
238 1256 288 1297 δὲ
326 1253 380 1298 τὸ
413 1258 592 1309 ποίημα
623 1253 760 1299 τοῦτο
795 1253 1077 1313 Στησιχόρου
1111 1255 1260 1314 ἐστίν,
1313 1256 1415 1297 ἰκα-

107 1333 309 1382 νώτατος
337 1333 510 1394 μάρτυς
529 1338 778 1391 Σιμωνίδης
809 1335 837 1381 ὁ
870 1332 1088 1389 ποιητής·
1121 1333 1169 1382 ὂς
1203 1335 1304 1394 περί
1334 1335 1418 1380 τοῦ

108 1412 370 1474 Μελεάγρου
399 1413 539 1474 λόγον
572 1413 840 1470 ποιούμενός
872 1430 1037 1473 φησιν·

172 1494 222 1543 ὂς
250 1495 382 1554 δουρίΙ
411 1494 587 1544 πάντας
620 1500 776 1541 νίκασε
810 1499 953 1557 νέους,

177 1575 389 1621 δινάεντα
431 1576 587 1637 βαλών
625 1574 841 1638 Ἄναυρον
871 1576 986 1636 ὕπερ
1033 1575 1341 1637 πολυβότρυος
1372 1579 1421 1628 ἐξ

866 1657 1065 1703 Ἰωλκοῦ.

176 1736 299 1781 οὕτω
327 1736 417 1797 γάρ
437 1737 637 1798 Ὅμηρος
659 1741 743 1798 ἠδὲ
764 1743 1040 1798 Στασίχορος
1060 1736 1179 1783 ἄεισε
1197 1744 1335 1788 λαοῖς.
1352 1739 1420 1802 15)

114 1817 140 1863 ὁ
171 1816 263 1877 γάρ
292 1822 566 1878 Στησίχορος
598 1819 744 1870 οὕτως
774 1819 948 1880 εἴρηκεν
980 1822 1026 1865 ἐν
1048 1820 1114 1881 τῷ
1146 1823 1423 1882 προκειμένῳ

116 1895 290 1960 ᾄσματι
320 1905 414 1948 τοῖς
441 1899 643 1951 Ἄθλοις·

175 2034 241 2082 14)
269 2037 479 2087 Panyasidis
507 2052 647 2075 versum
676 2039 960 2086 redintegramus
988 2038 1023 2073 in
1048 2037 1141 2073 hanc
1166 2037 1342 2085 speciem:

329 2106 500 2152 Πέμματα
526 2105 623 2141 πολλ’
651 2106 804 2149 ἐπέθηκε
831 2105 944 2151 φέρων
971 2107 1028 2138 καὶ
1056 2102 1230 2143 νοσσάδας
1255 2099 1360 2150 ὅρνις.

247 2163 362 2217 Ὀρνις
387 2170 512 2218 scripsi
541 2184 623 2205 cum
649 2169 798 2218 Steph.‚
832 2168 912 2204 cod.
945 2167 1007 2211 C.,
1037 2168 1136 2202 Eust.
1163 2181 1199 2214 p.
1227 2169 1320 2212 228,
1349 2165 1428 2212 24„

253 2231 309 2267 cll.
336 2233 478 2270 Schaef.
504 2235 614 2284 Greg.
640 2235 724 2271 Cor.
751 2249 787 2283 p.
810 2234 902 2271 476.
959 2234 1078 2281 Vulgo
1104 2230 1224 2282 ὄρνεις.

179 2306 248 2353 15)
274 2306 326 2342 Ita
362 2321 467 2356 saepe
503 2318 629 2357 poetae
663 2310 880 2345 recentiores
910 2309 954 2343 ad
982 2308 1187 2343 vetustiores
1222 2312 1430 2354 provocant,

255 2378 294 2406 ut
321 2372 497 2408 Pindarus
525 2376 570 2410 ad
597 2375 888 2423 Polymnestum,
923 2373 1121 2416 Sacadam3
1169 2372 1356 2419 Hipponax
1385 2371 1430 2405 ad

256 2438 534 2482 Mimnermum,
575 2440 667 2474 Plut.
692 2441 787 2475 Mus.
817 2442 862 2483 63
892 2442 950 2483 8.,
990 2439 1153 2473 Pratinas
1181 2436 1226 2471 ad
1263 2436 1433 2470 Xenoda-

258 2515 374 2545 mum,
418 2503 509 2538 Plut.
537 2505 632 2540 Mus.
663 2506 719 2548 9.,
761 2504 857 2552 quod
892 2510 1140 2552 argumentum
1170 2501 1433 2536 accuratissime

259 2568 482 2616 persequitur
511 2568 703 2604 VVelcker.
735 2571 778 2605 de
807 2570 980 2607 Thebaid.
1011 2570 1098 2616 cycl.
1128 2570 1163 2603 in
1188 2567 1280 2615 Allg.
1302 2566 1434 2603 Schul-

260 2635 357 2681 zeitg.
389 2634 502 2670 1832.
532 2647 643 2669 mens.
670 2635 775 2670 Febr.
932 2633 934 2635 ’
