<?xml version="1.0" encoding="UTF-8"?>
<!DOCTYPE html PUBLIC "-//W3C//DTD XHTML 1.0 Transitional//EN"
    "http://www.w3.org/TR/xhtml1/DTD/xhtml1-transitional.dtd">
<html xmlns="http://www.w3.org/1999/xhtml" xml:lang="en" lang="en">
 <head>
  <title>
</title>
<meta http-equiv="Content-Type" content="text/html;charset=utf-8" />
  <meta name='ocr-system' content='tesseract 3.04.00' />
  <meta name='ocr-capabilities' content='ocr_page ocr_carea ocr_par ocr_line ocrx_word'/>
</head>
<body>
  <div class='ocr_page' id='page_1' title='image "./ibycirheginicarm00schnuoft_0205.png"; bbox 0 0 1677 3059; ppageno 0'>
   <div class='ocr_carea' id='block_1_1' title="bbox 512 211 951 257">
    <p class='ocr_par' dir='ltr' id='par_1_1' title="bbox 512 211 951 257">
     <span class='ocr_line' id='line_1_1' title="bbox 512 211 951 257; baseline 0.005 -2"><span class='ocrx_word' id='word_1_1' title='bbox 512 240 578 247; x_wconf 89' lang='lat'>—</span> <span class='ocrx_word' id='word_1_2' title='bbox 691 211 780 257; x_wconf 84' lang='lat'>175</span> <span class='ocrx_word' id='word_1_3' title='bbox 887 237 951 244; x_wconf 96' lang='lat'><strong>—</strong></span> 
     </span>
    </p>
   </div>
   <div class='ocr_carea' id='block_1_2' title="bbox 68 350 1394 2668">
    <p class='ocr_par' dir='ltr' id='par_1_2' title="bbox 74 350 1386 578">
     <span class='ocr_line' id='line_1_2' title="bbox 79 350 1383 417; baseline -0.001 -17"><span class='ocrx_word' id='word_1_4' title='bbox 79 354 177 403; x_wconf 83' lang='grc' dir='ltr'>κός</span> <span class='ocrx_word' id='word_1_5' title='bbox 207 369 322 412; x_wconf 79' lang='grc' dir='ltr'><strong><em>φησι</em></strong></span> <span class='ocrx_word' id='word_1_6' title='bbox 356 354 435 398; x_wconf 77' lang='grc' dir='ltr'>καί</span> <span class='ocrx_word' id='word_1_7' title='bbox 458 351 565 400; x_wconf 84' lang='grc' dir='ltr'>τούς</span> <span class='ocrx_word' id='word_1_8' title='bbox 590 350 859 399; x_wconf 76' lang='grc' dir='ltr'><strong><em>Μολιονιδάς</em></strong></span> <span class='ocrx_word' id='word_1_9' title='bbox 880 351 928 399; x_wconf 75' lang='grc' dir='ltr'>ἐξ</span> <span class='ocrx_word' id='word_1_10' title='bbox 956 351 1052 397; x_wconf 75' lang='grc' dir='ltr'>ὤοῦ</span> <span class='ocrx_word' id='word_1_11' title='bbox 1084 354 1383 417; x_wconf 77' lang='grc' dir='ltr'><em>γεννηθῆναι,</em></span> 
     </span>
     <span class='ocr_line' id='line_1_3' title="bbox 74 431 1386 493; baseline -0.006 -12"><span class='ocrx_word' id='word_1_12' title='bbox 74 436 244 490; x_wconf 79' lang='grc' dir='ltr'><strong><em>ὁμοίως</em></strong></span> <span class='ocrx_word' id='word_1_13' title='bbox 270 433 452 490; x_wconf 79' lang='grc' dir='ltr'><strong><em>δηλαδὴ</em></strong></span> <span class='ocrx_word' id='word_1_14' title='bbox 479 437 571 480; x_wconf 81' lang='grc' dir='ltr'><strong><em>τοῖς</em></strong></span> <span class='ocrx_word' id='word_1_15' title='bbox 590 431 869 491; x_wconf 75' lang='grc' dir='ltr'><strong><em>Διοςκούροις</em></strong></span> <span class='ocrx_word' id='word_1_16' title='bbox 879 465 897 493; x_wconf 78' lang='lat'><em>7</em></span> <span class='ocrx_word' id='word_1_17' title='bbox 930 431 1070 479; x_wconf 79' lang='grc' dir='ltr'><em>εἰπών</em></span> <span class='ocrx_word' id='word_1_18' title='bbox 1091 434 1262 483; x_wconf 74' lang='grc' dir='ltr'><strong><em>αὐτοὺς</em></strong></span> <span class='ocrx_word' id='word_1_19' title='bbox 1286 437 1386 481; x_wconf 54' lang='lat' dir='ltr'>drag.-</span> 
     </span>
     <span class='ocr_line' id='line_1_4' title="bbox 79 507 649 578; baseline -0.012 -17"><span class='ocrx_word' id='word_1_20' title='bbox 79 530 191 578; x_wconf 71' lang='grc' dir='ltr'>κως,</span> <span class='ocrx_word' id='word_1_21' title='bbox 227 514 526 572; x_wconf 78' lang='grc' dir='ltr'><strong><em>ἰσοκεφάλους</em></strong></span> <span class='ocrx_word' id='word_1_22' title='bbox 558 507 649 555; x_wconf 87' lang='lat' dir='ltr'>rell.</span> 
     </span>
    </p>

    <p class='ocr_par' dir='ltr' id='par_1_3' title="bbox 68 589 1388 1869">
     <span class='ocr_line' id='line_1_5' title="bbox 207 589 1385 658; baseline 0.001 -18"><span class='ocrx_word' id='word_1_23' title='bbox 207 593 373 641; x_wconf 79' lang='lat' dir='ltr'>Rettuli</span> <span class='ocrx_word' id='word_1_24' title='bbox 406 593 512 639; x_wconf 87' lang='lat' dir='ltr'>haec</span> <span class='ocrx_word' id='word_1_25' title='bbox 546 591 660 637; x_wconf 85' lang='lat' dir='ltr'>inter</span> <span class='ocrx_word' id='word_1_26' title='bbox 700 589 940 647; x_wconf 90' lang='lat' dir='ltr'>Herculea,</span> <span class='ocrx_word' id='word_1_27' title='bbox 994 591 1202 655; x_wconf 87' lang='lat' dir='ltr'>quoniam</span> <span class='ocrx_word' id='word_1_28' title='bbox 1237 605 1385 658; x_wconf 88' lang='lat' dir='ltr'>aperte</span> 
     </span>
     <span class='ocr_line' id='line_1_6' title="bbox 77 669 1386 738; baseline -0.001 -16"><span class='ocrx_word' id='word_1_29' title='bbox 77 672 289 722; x_wconf 88' lang='lat' dir='ltr'>Hercules</span> <span class='ocrx_word' id='word_1_30' title='bbox 320 674 374 722; x_wconf 92' lang='lat' dir='ltr'>de</span> <span class='ocrx_word' id='word_1_31' title='bbox 410 669 744 720; x_wconf 85' lang='lat' dir='ltr'>obtruncatione</span> <span class='ocrx_word' id='word_1_32' title='bbox 765 669 936 716; x_wconf 87' lang='lat' dir='ltr'>mirifici</span> <span class='ocrx_word' id='word_1_33' title='bbox 963 670 1146 718; x_wconf 79' lang='lat' dir='ltr'>fratrum</span> <span class='ocrx_word' id='word_1_34' title='bbox 1178 675 1297 738; x_wconf 84' lang='lat' dir='ltr'>paris</span> <span class='ocrx_word' id='word_1_35' title='bbox 1320 674 1386 721; x_wconf 92' lang='lat' dir='ltr'>lo-</span> 
     </span>
     <span class='ocr_line' id='line_1_7' title="bbox 79 749 1385 821; baseline -0.002 -19"><span class='ocrx_word' id='word_1_36' title='bbox 79 772 219 821; x_wconf 90' lang='lat' dir='ltr'>quens</span> <span class='ocrx_word' id='word_1_37' title='bbox 270 773 296 801; x_wconf 87' lang='lat' dir='ltr'>a</span> <span class='ocrx_word' id='word_1_38' title='bbox 338 764 468 819; x_wconf 88' lang='lat' dir='ltr'>poeta</span> <span class='ocrx_word' id='word_1_39' title='bbox 511 764 575 799; x_wconf 89' lang='lat' dir='ltr'>est</span> <span class='ocrx_word' id='word_1_40' title='bbox 610 750 842 808; x_wconf 84' lang='lat' dir='ltr'>inductus,</span> <span class='ocrx_word' id='word_1_41' title='bbox 894 749 1105 813; x_wconf 84' lang='lat' dir='ltr'>gloriatus</span> <span class='ocrx_word' id='word_1_42' title='bbox 1150 753 1221 800; x_wconf 89' lang='lat' dir='ltr'>ille</span> <span class='ocrx_word' id='word_1_43' title='bbox 1266 756 1385 803; x_wconf 86' lang='lat' dir='ltr'>etin</span> 
     </span>
     <span class='ocr_line' id='line_1_8' title="bbox 76 831 1384 900; baseline -0.002 -17"><span class='ocrx_word' id='word_1_44' title='bbox 76 835 436 900; x_wconf 85' lang='lat' dir='ltr'>insequentibus,</span> <span class='ocrx_word' id='word_1_45' title='bbox 473 843 520 879; x_wconf 94' lang='lat' dir='ltr'>ut</span> <span class='ocrx_word' id='word_1_46' title='bbox 554 831 763 879; x_wconf 87' lang='lat' dir='ltr'>orationis</span> <span class='ocrx_word' id='word_1_47' title='bbox 790 832 1077 879; x_wconf 86' lang='lat' dir='ltr'>conformatio</span> <span class='ocrx_word' id='word_1_48' title='bbox 1113 832 1245 880; x_wconf 84' lang='lat' dir='ltr'>fidem</span> <span class='ocrx_word' id='word_1_49' title='bbox 1268 835 1384 893; x_wconf 90' lang='lat' dir='ltr'>facit,</span> 
     </span>
     <span class='ocr_line' id='line_1_9' title="bbox 79 913 1387 978; baseline -0.002 -13"><span class='ocrx_word' id='word_1_50' title='bbox 79 918 134 966; x_wconf 89' lang='lat' dir='ltr'>‹le</span> <span class='ocrx_word' id='word_1_51' title='bbox 171 916 266 963; x_wconf 86' lang='lat' dir='ltr'>aliis</span> <span class='ocrx_word' id='word_1_52' title='bbox 299 913 572 961; x_wconf 88' lang='lat' dir='ltr'>facinoribus</span> <span class='ocrx_word' id='word_1_53' title='bbox 617 931 641 960; x_wconf 88' lang='lat' dir='ltr'>a</span> <span class='ocrx_word' id='word_1_54' title='bbox 676 931 722 959; x_wconf 91' lang='lat' dir='ltr'>se</span> <span class='ocrx_word' id='word_1_55' title='bbox 756 913 1029 978; x_wconf 87' lang='lat' dir='ltr'>perpetratis.</span> <span class='ocrx_word' id='word_1_56' title='bbox 1123 914 1297 962; x_wconf 86' lang='lat' dir='ltr'>Cteatus</span> <span class='ocrx_word' id='word_1_57' title='bbox 1345 927 1387 963; x_wconf 86' lang='lat' dir='ltr'>et</span> 
     </span>
     <span class='ocr_line' id='line_1_10' title="bbox 76 993 1387 1062; baseline -0.003 -16"><span class='ocrx_word' id='word_1_58' title='bbox 76 999 274 1062; x_wconf 89' lang='lat' dir='ltr'>Eurytus</span> <span class='ocrx_word' id='word_1_59' title='bbox 308 993 580 1042; x_wconf 83' lang='lat' dir='ltr'>Molionidae</span> <span class='ocrx_word' id='word_1_60' title='bbox 610 994 699 1041; x_wconf 87' lang='lat' dir='ltr'>sive</span> <span class='ocrx_word' id='word_1_61' title='bbox 724 994 984 1040; x_wconf 91' lang='lat' dir='ltr'>Actoriones</span> <span class='ocrx_word' id='word_1_62' title='bbox 1021 1013 1176 1042; x_wconf 86' lang='lat' dir='ltr'>caussa</span> <span class='ocrx_word' id='word_1_63' title='bbox 1213 995 1387 1043; x_wconf 85' lang='lat' dir='ltr'>fuerant</span> 
     </span>
     <span class='ocr_line' id='line_1_11' title="bbox 74 1074 1385 1140; baseline -0.003 -12"><span class='ocrx_word' id='word_1_64' title='bbox 74 1077 256 1128; x_wconf 86' lang='lat' dir='ltr'>infausti</span> <span class='ocrx_word' id='word_1_65' title='bbox 301 1075 438 1122; x_wconf 88' lang='lat' dir='ltr'>exitus</span> <span class='ocrx_word' id='word_1_66' title='bbox 484 1074 771 1139; x_wconf 85' lang='lat' dir='ltr'>expeditionis</span> <span class='ocrx_word' id='word_1_67' title='bbox 817 1074 1056 1122; x_wconf 79' lang='lat' dir='ltr'>Herculeae</span> <span class='ocrx_word' id='word_1_68' title='bbox 1091 1076 1136 1123; x_wconf 91' lang='lat' dir='ltr'>in</span> <span class='ocrx_word' id='word_1_69' title='bbox 1179 1077 1385 1140; x_wconf 84' lang='lat' dir='ltr'>Augiam,</span> 
     </span>
     <span class='ocr_line' id='line_1_12' title="bbox 74 1156 1385 1221; baseline -0.004 -12"><span class='ocrx_word' id='word_1_70' title='bbox 74 1162 205 1209; x_wconf 89' lang='lat' dir='ltr'>Paus.</span> <span class='ocrx_word' id='word_1_71' title='bbox 235 1159 290 1215; x_wconf 90' lang='lat' dir='ltr'>V,</span> <span class='ocrx_word' id='word_1_72' title='bbox 316 1161 362 1215; x_wconf 85' lang='lat'>2,</span> <span class='ocrx_word' id='word_1_73' title='bbox 390 1158 428 1205; x_wconf 92' lang='lat'>1.</span> <span class='ocrx_word' id='word_1_74' title='bbox 477 1157 641 1203; x_wconf 88' lang='lat' dir='ltr'>Missos</span> <span class='ocrx_word' id='word_1_75' title='bbox 665 1156 847 1221; x_wconf 85' lang='lat' dir='ltr'>posthac</span> <span class='ocrx_word' id='word_1_76' title='bbox 869 1158 1076 1218; x_wconf 79' lang='grc' dir='ltr'><strong><em>θεωροὺς</em></strong></span> <span class='ocrx_word' id='word_1_77' title='bbox 1098 1176 1172 1204; x_wconf 91' lang='lat' dir='ltr'>eos</span> <span class='ocrx_word' id='word_1_78' title='bbox 1196 1157 1252 1204; x_wconf 87' lang='lat' dir='ltr'>ad</span> <span class='ocrx_word' id='word_1_79' title='bbox 1272 1157 1385 1204; x_wconf 91' lang='lat' dir='ltr'>Isth-</span> 
     </span>
     <span class='ocr_line' id='line_1_13' title="bbox 74 1234 1384 1300; baseline -0.003 -11"><span class='ocrx_word' id='word_1_80' title='bbox 74 1242 264 1289; x_wconf 86' lang='lat' dir='ltr'>miorum</span> <span class='ocrx_word' id='word_1_81' title='bbox 307 1237 514 1285; x_wconf 89' lang='lat' dir='ltr'>ludorum</span> <span class='ocrx_word' id='word_1_82' title='bbox 557 1234 888 1283; x_wconf 86' lang='lat' dir='ltr'>sollemnitatem</span> <span class='ocrx_word' id='word_1_83' title='bbox 932 1236 1051 1300; x_wconf 84' lang='lat' dir='ltr'>juxta</span> <span class='ocrx_word' id='word_1_84' title='bbox 1093 1237 1276 1285; x_wconf 88' lang='lat' dir='ltr'>Cleonas</span> <span class='ocrx_word' id='word_1_85' title='bbox 1313 1257 1384 1285; x_wconf 83' lang='lat' dir='ltr'>ex-</span> 
     </span>
     <span class='ocr_line' id='line_1_14' title="bbox 75 1316 1385 1382; baseline -0.002 -13"><span class='ocrx_word' id='word_1_86' title='bbox 75 1321 247 1378; x_wconf 86' lang='lat' dir='ltr'>stinxit,</span> <span class='ocrx_word' id='word_1_87' title='bbox 281 1317 412 1366; x_wconf 86' lang='lat' dir='ltr'>Pind.</span> <span class='ocrx_word' id='word_1_88' title='bbox 450 1316 520 1363; x_wconf 91' lang='lat' dir='ltr'>Ol.</span> <span class='ocrx_word' id='word_1_89' title='bbox 553 1317 630 1374; x_wconf 80' lang='lat' dir='ltr'>XI,</span> <span class='ocrx_word' id='word_1_90' title='bbox 656 1318 719 1364; x_wconf 77' lang='lat'>26</span> <span class='ocrx_word' id='word_1_91' title='bbox 741 1335 837 1381; x_wconf 88' lang='lat' dir='ltr'>sqq.</span> <span class='ocrx_word' id='word_1_92' title='bbox 873 1317 1024 1382; x_wconf 88' lang='lat' dir='ltr'>ibique</span> <span class='ocrx_word' id='word_1_93' title='bbox 1050 1318 1240 1365; x_wconf 83' lang='lat' dir='ltr'>Boeckh.</span> <span class='ocrx_word' id='word_1_94' title='bbox 1304 1319 1385 1366; x_wconf 87' lang='lat' dir='ltr'>Er-</span> 
     </span>
     <span class='ocr_line' id='line_1_15' title="bbox 73 1397 1382 1464; baseline -0.005 -13"><span class='ocrx_word' id='word_1_95' title='bbox 73 1403 188 1451; x_wconf 89' lang='lat' dir='ltr'>roris</span> <span class='ocrx_word' id='word_1_96' title='bbox 229 1398 446 1448; x_wconf 81' lang='lat' dir='ltr'>convincit</span> <span class='ocrx_word' id='word_1_97' title='bbox 481 1397 660 1464; x_wconf 77' lang='lat' dir='ltr'>Ibycius</span> <span class='ocrx_word' id='word_1_98' title='bbox 697 1397 819 1444; x_wconf 92' lang='lat' dir='ltr'>locus</span> <span class='ocrx_word' id='word_1_99' title='bbox 865 1397 1123 1461; x_wconf 84' lang='lat' dir='ltr'>Vogelium,</span> <span class='ocrx_word' id='word_1_100' title='bbox 1179 1399 1254 1464; x_wconf 91' lang='lat' dir='ltr'>qui</span> <span class='ocrx_word' id='word_1_101' title='bbox 1289 1398 1314 1445; x_wconf 94' lang='lat' dir='ltr'>l.</span> <span class='ocrx_word' id='word_1_102' title='bbox 1350 1420 1382 1446; x_wconf 90' lang='lat' dir='ltr'>c.</span> 
     </span>
     <span class='ocr_line' id='line_1_16' title="bbox 75 1477 1385 1551; baseline -0.002 -21"><span class='ocrx_word' id='word_1_103' title='bbox 75 1504 119 1551; x_wconf 90' lang='lat' dir='ltr'>p.</span> <span class='ocrx_word' id='word_1_104' title='bbox 152 1485 228 1530; x_wconf 87' lang='lat'>30.</span> <span class='ocrx_word' id='word_1_105' title='bbox 303 1478 547 1527; x_wconf 84' lang='lat' dir='ltr'>Pindarum</span> <span class='ocrx_word' id='word_1_106' title='bbox 581 1477 755 1524; x_wconf 89' lang='lat' dir='ltr'>demum</span> <span class='ocrx_word' id='word_1_107' title='bbox 802 1490 841 1525; x_wconf 86' lang='lat' dir='ltr'>et</span> <span class='ocrx_word' id='word_1_108' title='bbox 875 1479 1140 1526; x_wconf 84' lang='lat' dir='ltr'>Hecataeum</span> <span class='ocrx_word' id='word_1_109' title='bbox 1175 1480 1254 1526; x_wconf 87' lang='lat' dir='ltr'>has</span> <span class='ocrx_word' id='word_1_110' title='bbox 1289 1481 1385 1527; x_wconf 84' lang='lat' dir='ltr'>teti-</span> 
     </span>
     <span class='ocr_line' id='line_1_17' title="bbox 76 1557 1384 1628; baseline 0 -18"><span class='ocrx_word' id='word_1_111' title='bbox 76 1564 194 1628; x_wconf 87' lang='lat' dir='ltr'>gisse</span> <span class='ocrx_word' id='word_1_112' title='bbox 214 1576 380 1627; x_wconf 89' lang='lat' dir='ltr'>poenas</span> <span class='ocrx_word' id='word_1_113' title='bbox 402 1557 668 1623; x_wconf 86' lang='lat' dir='ltr'>persuadere</span> <span class='ocrx_word' id='word_1_114' title='bbox 692 1569 883 1605; x_wconf 87' lang='lat' dir='ltr'>conetur.</span> <span class='ocrx_word' id='word_1_115' title='bbox 922 1559 1108 1623; x_wconf 89' lang='lat' dir='ltr'>Jamque</span> <span class='ocrx_word' id='word_1_116' title='bbox 1126 1571 1233 1607; x_wconf 91' lang='lat' dir='ltr'>teste</span> <span class='ocrx_word' id='word_1_117' title='bbox 1252 1561 1384 1612; x_wconf 86' lang='lat' dir='ltr'>Paus.</span> 
     </span>
     <span class='ocr_line' id='line_1_18' title="bbox 75 1642 1388 1701; baseline 0.002 -13"><span class='ocrx_word' id='word_1_118' title='bbox 75 1644 152 1701; x_wconf 89' lang='grc' dir='ltr'>ΠΙ,</span> <span class='ocrx_word' id='word_1_119' title='bbox 179 1643 253 1699; x_wconf 86' lang='grc'>18,</span> <span class='ocrx_word' id='word_1_120' title='bbox 280 1643 322 1688; x_wconf 91' lang='grc'>9.</span> <span class='ocrx_word' id='word_1_121' title='bbox 391 1642 610 1701; x_wconf 77' lang='grc' dir='ltr'><strong><em>Ἡρακλῆς</em></strong></span> <span class='ocrx_word' id='word_1_122' title='bbox 638 1642 924 1685; x_wconf 72' lang='grc' dir='ltr'><em>ἀποκτείνων</em></span> <span class='ocrx_word' id='word_1_123' title='bbox 959 1642 1064 1689; x_wconf 73' lang='grc' dir='ltr'><strong><em>τοὺς</em></strong></span> <span class='ocrx_word' id='word_1_124' title='bbox 1089 1647 1259 1693; x_wconf 76' lang='grc' dir='ltr'><em>παῖδας</em></span> <span class='ocrx_word' id='word_1_125' title='bbox 1282 1646 1388 1695; x_wconf 77' lang='grc' dir='ltr'><strong><em>τοὺς</em></strong></span> 
     </span>
     <span class='ocr_line' id='line_1_19' title="bbox 68 1717 1387 1785; baseline -0.003 -12"><span class='ocrx_word' id='word_1_126' title='bbox 68 1724 275 1785; x_wconf 77' lang='grc' dir='ltr'><strong><em>Ἄκτορος</em></strong></span> <span class='ocrx_word' id='word_1_127' title='bbox 307 1722 354 1768; x_wconf 90' lang='lat' dir='ltr'>in</span> <span class='ocrx_word' id='word_1_128' title='bbox 387 1719 545 1766; x_wconf 83' lang='lat' dir='ltr'>throno</span> <span class='ocrx_word' id='word_1_129' title='bbox 575 1717 803 1782; x_wconf 85' lang='lat' dir='ltr'>Amyclaei</span> <span class='ocrx_word' id='word_1_130' title='bbox 828 1719 923 1768; x_wconf 85' lang='lat' dir='ltr'>fuit.</span> <span class='ocrx_word' id='word_1_131' title='bbox 994 1720 1124 1767; x_wconf 89' lang='lat' dir='ltr'>Unde</span> <span class='ocrx_word' id='word_1_132' title='bbox 1151 1721 1387 1769; x_wconf 86' lang='lat' dir='ltr'>concludas</span> 
     </span>
     <span class='ocr_line' id='line_1_20' title="bbox 77 1798 1323 1869; baseline -0.001 -19"><span class='ocrx_word' id='word_1_133' title='bbox 77 1804 166 1869; x_wconf 87' lang='lat' dir='ltr'>jam</span> <span class='ocrx_word' id='word_1_134' title='bbox 199 1802 342 1868; x_wconf 91' lang='lat' dir='ltr'>poetis</span> <span class='ocrx_word' id='word_1_135' title='bbox 377 1799 513 1864; x_wconf 90' lang='lat' dir='ltr'>epicis</span> <span class='ocrx_word' id='word_1_136' title='bbox 545 1798 868 1863; x_wconf 87' lang='lat' dir='ltr'>antiquioribus</span> <span class='ocrx_word' id='word_1_137' title='bbox 904 1819 995 1847; x_wconf 87' lang='lat' dir='ltr'>rem</span> <span class='ocrx_word' id='word_1_138' title='bbox 1030 1813 1323 1849; x_wconf 87' lang='lat' dir='ltr'>memoratam.</span> 
     </span>
    </p>

    <p class='ocr_par' dir='ltr' id='par_1_4' title="bbox 74 1879 1394 2668">
     <span class='ocr_line' id='line_1_21' title="bbox 208 1879 1387 1944; baseline -0.001 -14"><span class='ocrx_word' id='word_1_139' title='bbox 208 1886 261 1930; x_wconf 83' lang='lat' dir='ltr'>V.</span> <span class='ocrx_word' id='word_1_140' title='bbox 291 1884 332 1932; x_wconf 91' lang='lat'>1.</span> <span class='ocrx_word' id='word_1_141' title='bbox 373 1884 552 1944; x_wconf 76' lang='grc' dir='ltr'><strong><em>Κύρους</em></strong></span> <span class='ocrx_word' id='word_1_142' title='bbox 577 1879 697 1926; x_wconf 87' lang='lat' dir='ltr'>edidi</span> <span class='ocrx_word' id='word_1_143' title='bbox 729 1880 783 1927; x_wconf 90' lang='lat' dir='ltr'>de</span> <span class='ocrx_word' id='word_1_144' title='bbox 817 1883 1030 1928; x_wconf 88' lang='lat' dir='ltr'>sententia</span> <span class='ocrx_word' id='word_1_145' title='bbox 1055 1881 1276 1929; x_wconf 83' lang='lat' dir='ltr'>Dindorfii</span> <span class='ocrx_word' id='word_1_146' title='bbox 1310 1883 1387 1930; x_wconf 87' lang='lat' dir='ltr'>ssa-</span> 
     </span>
     <span class='ocr_line' id='line_1_22' title="bbox 78 1962 1389 2028; baseline -0.002 -16"><span class='ocrx_word' id='word_1_147' title='bbox 78 1965 261 2028; x_wconf 86' lang='lat' dir='ltr'>gitatum</span> <span class='ocrx_word' id='word_1_148' title='bbox 305 1980 511 2010; x_wconf 87' lang='lat' dir='ltr'>mensura</span> <span class='ocrx_word' id='word_1_149' title='bbox 555 1977 735 2018; x_wconf 82' lang='lat' dir='ltr'>versuS,</span> <span class='ocrx_word' id='word_1_150' title='bbox 796 1980 886 2008; x_wconf 91' lang='lat' dir='ltr'>non</span> <span class='ocrx_word' id='word_1_151' title='bbox 930 1981 1088 2010; x_wconf 88' lang='lat' dir='ltr'>curans</span> <span class='ocrx_word' id='word_1_152' title='bbox 1133 1962 1389 2010; x_wconf 88' lang='lat' dir='ltr'>delirantem</span> 
     </span>
     <span class='ocr_line' id='line_1_23' title="bbox 79 2042 1390 2108; baseline -0.001 -17"><span class='ocrx_word' id='word_1_153' title='bbox 79 2043 227 2094; x_wconf 90' lang='lat' dir='ltr'>Schol.</span> <span class='ocrx_word' id='word_1_154' title='bbox 260 2044 366 2094; x_wconf 90' lang='lat' dir='ltr'>Eur.</span> <span class='ocrx_word' id='word_1_155' title='bbox 391 2044 494 2090; x_wconf 87' lang='lat' dir='ltr'>Hee.</span> <span class='ocrx_word' id='word_1_156' title='bbox 523 2042 631 2090; x_wconf 74' lang='lat'><strong>924.</strong></span> <span class='ocrx_word' id='word_1_157' title='bbox 680 2049 969 2094; x_wconf 83' lang='grc' dir='ltr'><strong><em>Λευκίππους</em></strong></span> <span class='ocrx_word' id='word_1_158' title='bbox 997 2042 1235 2090; x_wconf 86' lang='lat' dir='ltr'>honorifice</span> <span class='ocrx_word' id='word_1_159' title='bbox 1260 2055 1390 2108; x_wconf 87' lang='lat' dir='ltr'>poeta</span> 
     </span>
     <span class='ocr_line' id='line_1_24' title="bbox 79 2121 1389 2190; baseline 0.002 -20"><span class='ocrx_word' id='word_1_160' title='bbox 79 2123 312 2190; x_wconf 88' lang='lat' dir='ltr'>appellavit</span> <span class='ocrx_word' id='word_1_161' title='bbox 360 2124 536 2187; x_wconf 84' lang='lat' dir='ltr'>aurigas</span> <span class='ocrx_word' id='word_1_162' title='bbox 590 2121 890 2170; x_wconf 85' lang='lat' dir='ltr'>nobilissimos</span> <span class='ocrx_word' id='word_1_163' title='bbox 949 2124 1235 2171; x_wconf 89' lang='lat' dir='ltr'>nobilissimis</span> <span class='ocrx_word' id='word_1_164' title='bbox 1283 2143 1389 2172; x_wconf 90' lang='lat' dir='ltr'>usos</span> 
     </span>
     <span class='ocr_line' id='line_1_25' title="bbox 79 2202 1390 2269; baseline 0 -17"><span class='ocrx_word' id='word_1_165' title='bbox 79 2205 220 2269; x_wconf 77' lang='lat' dir='ltr'>equis,</span> <span class='ocrx_word' id='word_1_166' title='bbox 290 2204 500 2250; x_wconf 85' lang='lat' dir='ltr'>Candidis</span> <span class='ocrx_word' id='word_1_167' title='bbox 533 2202 647 2251; x_wconf 90' lang='lat' dir='ltr'>enim</span> <span class='ocrx_word' id='word_1_168' title='bbox 686 2202 784 2249; x_wconf 86' lang='lat' dir='ltr'>vehi</span> <span class='ocrx_word' id='word_1_169' title='bbox 815 2223 905 2250; x_wconf 87' lang='lat' dir='ltr'>non</span> <span class='ocrx_word' id='word_1_170' title='bbox 926 2204 972 2250; x_wconf 94' lang='lat' dir='ltr'>in</span> <span class='ocrx_word' id='word_1_171' title='bbox 1002 2204 1182 2251; x_wconf 87' lang='lat' dir='ltr'>minima</span> <span class='ocrx_word' id='word_1_172' title='bbox 1218 2204 1390 2252; x_wconf 91' lang='lat' dir='ltr'>decoris</span> 
     </span>
     <span class='ocr_line' id='line_1_26' title="bbox 81 2283 1392 2350; baseline -0.001 -18"><span class='ocrx_word' id='word_1_173' title='bbox 81 2296 211 2350; x_wconf 85' lang='lat' dir='ltr'>atque</span> <span class='ocrx_word' id='word_1_174' title='bbox 234 2283 476 2330; x_wconf 87' lang='lat' dir='ltr'>nobilitatis</span> <span class='ocrx_word' id='word_1_175' title='bbox 504 2295 626 2348; x_wconf 88' lang='lat' dir='ltr'>parte</span> <span class='ocrx_word' id='word_1_176' title='bbox 650 2283 925 2343; x_wconf 83' lang='lat' dir='ltr'>censebatur,</span> <span class='ocrx_word' id='word_1_177' title='bbox 961 2285 1080 2332; x_wconf 89' lang='lat' dir='ltr'>unde</span> <span class='ocrx_word' id='word_1_178' title='bbox 1103 2286 1392 2332; x_wconf 82' lang='grc' dir='ltr'><strong><em>λευπόπωλοι</em></strong></span> 
     </span>
     <span class='ocr_line' id='line_1_27' title="bbox 81 2362 1390 2430; baseline -0.001 -18"><span class='ocrx_word' id='word_1_179' title='bbox 81 2370 362 2426; x_wconf 80' lang='grc' dir='ltr'><em>Τυνδαρίδαι</em></span> <span class='ocrx_word' id='word_1_180' title='bbox 394 2362 522 2410; x_wconf 88' lang='lat' dir='ltr'>Pind.</span> <span class='ocrx_word' id='word_1_181' title='bbox 548 2364 597 2410; x_wconf 86' lang='lat' dir='ltr'>P.</span> <span class='ocrx_word' id='word_1_182' title='bbox 619 2365 653 2422; x_wconf 90' lang='lat' dir='ltr'>I,</span> <span class='ocrx_word' id='word_1_183' title='bbox 684 2367 783 2423; x_wconf 85' lang='grc'><strong>66.,</strong></span> <span class='ocrx_word' id='word_1_184' title='bbox 819 2364 1009 2412; x_wconf 86' lang='lat' dir='ltr'>Boeckh.</span> <span class='ocrx_word' id='word_1_185' title='bbox 1034 2364 1174 2430; x_wconf 86' lang='lat' dir='ltr'>Expll.</span> <span class='ocrx_word' id='word_1_186' title='bbox 1198 2383 1240 2430; x_wconf 92' lang='lat' dir='ltr'>p.</span> <span class='ocrx_word' id='word_1_187' title='bbox 1265 2369 1390 2422; x_wconf 63' lang='lat'>273„</span> 
     </span>
     <span class='ocr_line' id='line_1_28' title="bbox 75 2443 1390 2511; baseline 0 -20"><span class='ocrx_word' id='word_1_188' title='bbox 75 2443 298 2509; x_wconf 84' lang='lat' dir='ltr'>iidemque</span> <span class='ocrx_word' id='word_1_189' title='bbox 324 2446 451 2505; x_wconf 80' lang='grc' dir='ltr'><strong><em>κόροι</em></strong></span> <span class='ocrx_word' id='word_1_190' title='bbox 475 2444 710 2491; x_wconf 70' lang='grc' dir='ltr'><strong><em>λεύκιπποι</em></strong></span> <span class='ocrx_word' id='word_1_191' title='bbox 739 2446 844 2495; x_wconf 86' lang='lat' dir='ltr'>Eur.</span> <span class='ocrx_word' id='word_1_192' title='bbox 869 2445 962 2492; x_wconf 94' lang='lat' dir='ltr'>Hel.</span> <span class='ocrx_word' id='word_1_193' title='bbox 991 2447 1114 2503; x_wconf 62' lang='lat'>639„</span> <span class='ocrx_word' id='word_1_194' title='bbox 1147 2444 1390 2511; x_wconf 88' lang='lat' dir='ltr'>Pherecyd.</span> 
     </span>
     <span class='ocr_line' id='line_1_29' title="bbox 78 2522 1391 2591; baseline 0.001 -20"><span class='ocrx_word' id='word_1_195' title='bbox 78 2544 121 2590; x_wconf 90' lang='lat' dir='ltr'>p.</span> <span class='ocrx_word' id='word_1_196' title='bbox 146 2526 249 2571; x_wconf 89' lang='grc'>137.</span> <span class='ocrx_word' id='word_1_197' title='bbox 284 2524 450 2578; x_wconf 86' lang='lat' dir='ltr'>Sturz.;</span> <span class='ocrx_word' id='word_1_198' title='bbox 487 2522 650 2569; x_wconf 89' lang='lat' dir='ltr'>Zethus</span> <span class='ocrx_word' id='word_1_199' title='bbox 682 2535 723 2570; x_wconf 88' lang='lat' dir='ltr'>et</span> <span class='ocrx_word' id='word_1_200' title='bbox 755 2525 981 2591; x_wconf 88' lang='lat' dir='ltr'>Amphion</span> <span class='ocrx_word' id='word_1_201' title='bbox 1013 2525 1117 2571; x_wconf 89' lang='lat' dir='ltr'>Eur.</span> <span class='ocrx_word' id='word_1_202' title='bbox 1144 2526 1271 2573; x_wconf 87' lang='lat' dir='ltr'>Herc.</span> <span class='ocrx_word' id='word_1_203' title='bbox 1306 2527 1391 2572; x_wconf 89' lang='lat' dir='ltr'>fur.</span> 
     </span>
     <span class='ocr_line' id='line_1_30' title="bbox 74 2602 1394 2668; baseline 0.001 -16"><span class='ocrx_word' id='word_1_204' title='bbox 74 2607 177 2664; x_wconf 85' lang='lat'>29.‚</span> <span class='ocrx_word' id='word_1_205' title='bbox 212 2605 379 2653; x_wconf 90' lang='lat' dir='ltr'>Phoen.</span> <span class='ocrx_word' id='word_1_206' title='bbox 404 2605 513 2653; x_wconf 88' lang='lat'>609.</span> <span class='ocrx_word' id='word_1_207' title='bbox 547 2602 701 2668; x_wconf 88' lang='lat' dir='ltr'>ibique</span> <span class='ocrx_word' id='word_1_208' title='bbox 730 2604 934 2653; x_wconf 85' lang='lat' dir='ltr'>Valcken.</span> <span class='ocrx_word' id='word_1_209' title='bbox 953 2642 965 2662; x_wconf 93' lang='lat'>‚</span> <span class='ocrx_word' id='word_1_210' title='bbox 1000 2604 1133 2652; x_wconf 89' lang='lat' dir='ltr'>iidem</span> <span class='ocrx_word' id='word_1_211' title='bbox 1163 2607 1266 2656; x_wconf 83' lang='grc' dir='ltr'><strong><em>Διὸς</em></strong></span> <span class='ocrx_word' id='word_1_212' title='bbox 1287 2608 1394 2653; x_wconf 78' lang='grc' dir='ltr'><strong><em>κοῦ-</em></strong></span> 
     </span>
    </p>
   </div>
  </div>
 </body>
</html>
