1677 3059
717 237 781 244 —
897 206 989 254 178
1095 236 1157 242 -—

414 348 505 395 Sed
545 358 592 394 ut
637 365 746 411 quas
792 344 1016 411 paullatim
1054 362 1187 410 passa
1229 346 1490 393 mutationes
1533 344 1589 391 sit

282 432 428 497 prisca
460 427 609 475 fabula
631 428 879 492 Epeorum‚
914 427 968 473 iis
1001 426 1115 473 enim
1136 426 1319 491 propria
1344 425 1428 472 fuit
1458 435 1588 489 atque

280 510 538 577 peculiaris,
575 518 865 570 cognoscatur
894 519 934 554 et
965 507 1073 572 quid
1097 506 1233 573 Ibyco
1265 506 1311 552 in
1337 503 1589 551 exornanda

281 591 432 638 eadem
481 588 693 635 debeatur
726 600 892 653 pateat,
947 586 1211 653 apponenda
1259 586 1474 650 quaedam
1517 585 1587 649 ju-

280 671 519 718 dicavimus
546 669 600 715 de
626 669 696 715 his
722 669 931 716 fratribus
954 666 1212 714 illustribus.
1271 667 1329 713 Et
1352 666 1462 713 illud
1486 666 1585 731 qui-

277 752 378 799 dem
411 749 702 816 pulcherrime
736 750 959 815 perspexit
991 748 1222 796 WVelcker.
1261 748 1318 795 ad
1352 746 1584 797 Schwenk.

275 851 318 897 p.
351 833 446 877 307
473 849 594 896 sqq.‚
636 831 682 877 in
717 830 1019 895 antiquissima
1052 829 1264 892 religione
1299 828 1441 892 gentis
1473 827 1585 894 lapi-

274 913 352 959 des
387 910 572 957 molares
602 911 685 958 hoc
718 911 894 957 fabulae
924 910 1222 973 integumento
1259 910 1477 956 obductos
1511 909 1583 956 fu-

272 994 373 1049 isse,
411 993 509 1058 ipso
543 992 734 1038 nominis
769 992 889 1038 fonte
922 991 1144 1037 veritatem
1179 990 1416 1039 sententiae
1453 1008 1585 1054 argu-

272 1075 468 1136 ente.46)
547 1073 751 1118 Decursu
787 1083 931 1118 autem
966 1070 1057 1118 aevi
1089 1070 1252 1118 factum
1287 1081 1376 1128 est,
1418 1083 1467 1118 ut
1499 1091 1582 1137 pro

270 1153 533 1199 amicissimo
565 1153 750 1199 fratrum
782 1152 879 1218 pari
909 1152 1267 1209 aestimarentur,
1297 1171 1336 1201 v,
1359 1152 1580 1200 Plutarch.

270 1252 404 1280 amor.
436 1232 613 1280 fratern.
646 1234 680 1291 I,
709 1252 752 1299 p.
778 1233 889 1292 478,
926 1234 997 1291 C.‚
1035 1233 1110 1298 qui
1144 1233 1326 1297 junctim
1360 1234 1465 1282 artis
1486 1234 1581 1282 bel-

267 1313 386 1361 landi
412 1314 565 1361 eximie
597 1314 727 1379 periti
760 1315 995 1362 certamina
1017 1314 1190 1361 adirent
1219 1314 1415 1363 victores.
1449 1316 1576 1363 Hom.

265 1393 311 1440 Il.
348 1395 510 1453 XXIII,
541 1395 648 1442 641.

329 1480 373 1522 οἰ
397 1481 436 1522 δ’
467 1478 526 1538 ἄρ
547 1479 659 1522 ἔσαν
682 1481 864 1533 δίδυμοι
879 1496 889 1507 ·
923 1478 950 1524 ὁ
968 1481 1052 1533 μὲν
1070 1480 1267 1534 ἔμπεδον
1284 1480 1532 1544 ἡνιόχευεν,

325 1560 521 1612 ἔμπεδον
548 1558 766 1620 ἡνιόχευ’,
801 1561 826 1605 ὁ
853 1563 893 1605 δ’
918 1558 1012 1620 ἄρα
1039 1559 1230 1620 μάστιγι
1255 1563 1439 1607 κέλευεν.

262 1642 340 1689 ubi
375 1642 536 1689 Scholl.
576 1645 684 1689 Ven.
734 1655 942 1691 annotant
986 1643 1292 1691 Aristarchum
1334 1643 1576 1708 intelligere

258 1725 366 1774 τοὺς
399 1728 594 1787 διφυεῖς,
640 1726 721 1771 δύο
756 1729 945 1778 ἔχοντας
977 1727 1205 1788 σώματα,
1242 1726 1427 1787 Ἡσιόδῳ
1457 1728 1574 1789 μὰρ-

259 1823 360 1867 τυρι
394 1806 652 1868 χρώμενος,
706 1808 787 1852 καί
818 1808 924 1856 τοὺς
954 1808 1313 1867 συμπεφυκότας
1346 1808 1570 1865 ἀλλήλοις.

259 1885 309 1930 In
346 1903 396 1931 eo
428 1885 563 1948 igitur
597 1885 866 1935 concordant
895 1887 1117 1935 Hesiodus
1151 1898 1191 1934 et
1223 1887 1413 1955 Ibycus,
1449 1885 1572 1951 quod

259 1975 478 2026 συμφυεῖς
510 1966 695 2025 fuerint,
730 1972 950 2033 e‘vcyvfocy·
1008 1968 1237 2016 distinctae
1282 1979 1426 2015 autem
1467 1985 1570 2032 per-

312 2153 382 2201 46)
410 2155 524 2190 Aliter
560 2157 667 2191 sensit
703 2157 816 2192 Sturz.
855 2157 892 2191 in
926 2156 1125 2204 Pherecyd.
1164 2170 1197 2204 p.
1230 2157 1306 2192 179
1334 2169 1433 2204 sqq.;
1483 2169 1565 2191 cum

385 2221 591 2257 &Velckero
617 2222 702 2256 facit
721 2220 908 2256 Voelcker.
938 2222 982 2256 de
1009 2222 1147 2257 Aloidis
1175 2223 1209 2256 in
1232 2223 1386 2257 Seebod.
1407 2222 1491 2258 bibl.
1514 2235 1564 2258 cr.

388 2286 503 2331 1828,
533 2288 569 2331 I,
599 2302 632 2334 p.
658 2287 703 2322 11
729 2301 804 2334 sq.;
854 2287 914 2333 qui
950 2288 985 2321 in
1023 2301 1064 2321 eo
1095 2288 1249 2331 fallitur,
1295 2288 1392 2334 quod
1424 2294 1564 2322 secutus

384 2352 503 2386 Nonn.
539 2367 594 2400 ap.
626 2353 788 2388 Crcuzer.
817 2352 916 2387 Meli.
945 2353 970 2395 I,
1002 2367 1034 2399 p.
1059 2355 1120 2388 83.
1161 2360 1193 2387 et
1232 2360 1382 2388 matrem
1414 2353 1565 2388 Aloida-

383 2431 462 2451 rum
501 2418 686 2452 RIolionae
717 2417 861 2452 nomine
890 2418 1080 2465 significari
1118 2419 1247 2453 statuit.
1324 2419 1396 2464 Qui
1425 2431 1562 2452 merum

379 2496 537 2517 errorem
568 2498 641 2518 osse
668 2483 881 2530 applicatum
911 2484 1008 2517 illurn
1039 2498 1057 2518 a
1088 2484 1296 2518 Molionidis
1327 2484 1371 2518 ad
1396 2483 1560 2524 Aloidas,

378 2556 497 2595 aperte
525 2556 698 2583 monstrat
719 2548 876 2595 ineptum
909 2549 1029 2584 Schol.
1057 2550 1151 2585 ined.
1179 2563 1234 2598 ap.
1256 2550 1385 2585 WValz.
1414 2550 1451 2585 in
1481 2548 1556 2584 Ar-

377 2627 448 2648 sen.
478 2614 572 2648 Viol.
601 2628 635 2660 p.
663 2613 752 2651 394.
