1677 3059
664 199 1098 247 ..y-4...

229 348 441 413 Superest
475 339 659 388 forsitan
693 339 934 404 exemplum
970 338 1102 403 hujus
1139 356 1310 398 versus,
1362 342 1436 406 qui
1469 353 1534 388 est

227 436 463 476 octometer
507 421 626 468 catal.
672 420 717 466 in
756 420 1042 483 syll.,-frgm.
1071 420 1126 476 ΙΙ,
1161 423 1205 466 2.
1284 421 1532 487 Sponde08‚

227 520 276 556 ut
309 525 390 573 par
424 516 511 560 est,
546 501 702 548 nullibi
737 499 952 547 admissos
988 500 1184 547 videmus
1219 501 1264 547 in
1299 501 1368 549 his
1398 503 1534 549 versi-

227 589 313 635 bus
348 583 624 647 longioribus
674 581 824 629 eadem
862 583 1032 630 numeri
1067 583 1353 648 perpetuitate
1397 583 1531 630 nexis.

226 670 296 717 De
337 664 538 714 versibus
585 662 890 718 Stesichorus,
945 663 991 709 in
1033 663 1194 729 quibus
1239 662 1426 728 spondei
1468 673 1535 709 sat

226 749 351 797 multi
388 756 555 794 exstant
588 744 682 791 loco
715 742 1016 807 dactylorum,
1052 762 1141 790 non
1178 754 1293 790 recte
1327 743 1536 808 judicavit

225 847 370 895 neque
413 825 614 874 Kleinius
648 843 792 889 neque
836 824 1109 873 Welckerus
1145 841 1259 871 cens.
1296 823 1531 871 Stesichor.

226 911 369 958 Klein.
407 908 433 955 l.
467 925 501 953 c.

355 987 457 1037 Atil.
504 986 802 1033 Fortunatian.
839 1004 881 1050 p.
913 986 1056 1032 2673.
1092 984 1269 1033 Putsch.
1317 983 1372 1031 de
1406 1000 1535 1030 versu

225 1069 533 1121 Archebuleo:
569 1065 775 1130 »Accepit
800 1082 961 1110 nomen
985 1083 1151 1121 versus,
1186 1084 1277 1112 non
1303 1064 1425 1129 quod
1447 1065 1534 1111 Ar-

226 1151 441 1202 chebulus
473 1166 572 1196 eum
602 1144 837 1201 invenerit3
872 1163 974 1192 nam
1003 1145 1281 1192 Stesichorus
1314 1145 1535 1210 antiquior

225 1233 300 1281 illo
343 1241 500 1297 poeta,
551 1229 722 1291 Ibycus
757 1238 798 1274 et
839 1227 1059 1275 Pindarus
1096 1237 1137 1273 et
1179 1226 1430 1273 Simonides
1465 1226 1534 1272 usi

226 1324 330 1361 sunt
357 1329 433 1368 ee,
465 1309 546 1358 sed
579 1309 745 1376 passim
781 1320 822 1356 et
844 1308 1131 1373 promiscue.»
1197 1309 1315 1355 Haec
1344 1318 1409 1354 est
1433 1324 1535 1373 spe-

225 1411 337 1443 cies:

398 1492 450 1499 .—-
480 1488 491 1504 J
999 1488 1050 1496 ——-

226 1549 387 1615 dactyl.
422 1546 648 1610 logaoed.,
685 1546 840 1612 triplic.
867 1546 1052 1610 dactyl,
1088 1546 1247 1611 duplic.
1275 1545 1410 1594 troch.
1435 1565 1532 1593 aca-

224 1631 294 1679 tal.
317 1649 415 1678 cum
437 1629 639 1676 anacrusi
661 1629 862 1684 iambica,
899 1647 934 1673 v.
960 1627 1149 1674 Bocckh.
1175 1627 1229 1673 de
1254 1639 1375 1673 metr.
1401 1627 1534 1675 Pind.

223 1732 267 1779 p.
301 1713 405 1759 139.
485 1710 646 1776 Ineptit
677 1709 879 1758 Diomed.
919 1708 995 1756 Gr.
1030 1709 1115 1766 III,
1151 1727 1192 1773 p.
1231 1709 1345 1767 154,
1392 1728 1428 1755 a.
1463 1708 1529 1756 ed.

222 1795 365 1842 Berw.
405 1822 466 1830 -

323 1872 594 1936 Dactylicos
628 1890 780 1920 versus
814 1872 933 1938 apud
967 1872 1154 1937 Ibycum
1191 1871 1402 1918 habemus
1437 1872 1529 1918 hos.

223 1952 471 2000 Dimetrum
506 1951 626 1999 catal.
661 1953 704 1999 in
739 1953 835 2019 syll.
874 1973 973 2002 cum
1006 1953 1127 2010 basi,
1182 1953 1309 2015 srgm.
1346 1953 1531 2010 XXXII,

227 2034 294 2091 1.‚
328 2033 414 2080 nisi
450 2031 505 2080 ab
538 2033 660 2080 initio
693 2034 871 2082 mutilus
899 2045 974 2082 est.
1043 2035 1294 2080 Tetranietr.
1332 2031 1452 2079 catal.
1485 2032 1532 2078 in

226 2113 324 2179 syll.
357 2114 452 2171 VII,
487 2114 552 2172 1.;
594 2115 776 2172 XXVII,
813 2117 881 2172 3.,
929 2113 1006 2160 ubi
1042 2114 1182 2161 soluta
1219 2114 1304 2159 arsi
1348 2112 1530 2159 secundi

224 2194 353 2260 pedis
385 2194 761 2260 proceleusmatici
796 2196 935 2242 forma
971 2196 1150 2251 exstitit,
1188 2195 1235 2241 id
1271 2193 1392 2258 quod
1424 2193 1530 2239 Pin-

226 2275 360 2321 darus
393 2295 482 2322 non
517 2276 602 2322 nisi
631 2275 763 2323 semel
795 2277 928 2340 idque
956 2278 1000 2323 in
1034 2277 1208 2322 nominc
1234 2276 1415 2340 proprio
1445 2275 1530 2321 sibi

227 2356 454 2413 concessit,
476 2356 623 2404 Isthm.
647 2358 722 2414 III,
745 2359 819 2405 65.
851 2363 963 2419 ἔρνεϊ
985 2359 1250 2420 Τελεσιάδα,
1277 2375 1313 2402 v.
1338 2356 1526 2402 Boeckh.

225 2448 345 2483 metr.
385 2437 512 2485 Pind.
549 2458 590 2504 p.
632 2440 735 2487 127.
820 2439 1072 2484 Tetrametr.
1120 2438 1239 2484 catal.
1286 2438 1332 2484 in
1382 2435 1526 2501 disyll.

225 2534 323 2563 cum
359 2537 500 2567 anacr.
537 2522 613 2578 XI,
650 2522 689 2568 1.
756 2521 1015 2567 Pentametr.
1053 2518 1173 2566 catal.
1210 2518 1256 2564 in
1291 2517 1387 2584 syIl.
1430 2536 1529 2564 cum

226 2613 368 2642 anacr.
404 2600 458 2657 H,
489 2604 542 2660 63
581 2620 710 2667 quem
744 2619 916 2648 versum
948 2600 1182 2666 quominus
1205 2598 1528 2664 anapaesticurn
