1677 3059
675 171 1114 214 -200-

241 306 665 372 interpretationem:
697 306 1035 357 »Contentionis
1059 326 1270 356 vesanum
1303 329 1352 359 os
1382 310 1552 359 habens

243 388 520 436 contentione
540 399 729 437 mentem
756 399 908 436 contra
933 388 1183 438 obfirmat«
1233 390 1451 455 ¹Mensura
1475 411 1553 440 au·

242 479 330 516 tem
366 468 473 517 haec
507 479 594 517 est:
1062 468 1065 471 ¹

244 695 404 753 Στόμα
432 698 574 757 ἔριδος
608 703 674 740 est
705 712 757 740 os
790 694 1028 750 rixosum,
1075 703 1124 741 ut
1159 692 1280 759 apud
1313 693 1443 742 Pind.
1475 691 1556 739 ἄν·

244 782 373 833 θεμα
392 776 587 838 χρυσοῦ,
623 792 692 841 ap.
722 773 859 839 Soph.
884 775 1083 836 εὐφρόνη
1105 774 1307 839 ἄστρων,
1337 794 1374 821 v.
1398 774 1556 838 Poppo

245 854 602 919 Thuc.Prolegg.
626 856 660 914 I,
681 875 722 921 p.
741 856 846 904 162.
883 856 1072 917 Μαργον
1092 856 1244 912 στόμα
1274 866 1338 902 est
1357 875 1409 903 os
1431 855 1558 919 cupi-

247 936 360 984 dum
374 954 582 1000 pugnae,
614 953 705 982 non
727 953 959 990 vesanum,
994 945 1042 981 ut
1066 936 1248 1003 Tydeus
1269 935 1339 983 ille
1357 934 1559 1001 Aeschy-

246 1016 330 1064 lius
354 1016 473 1082 Sept.
499 1014 640 1062 Theb.
665 1016 772 1063 362.
810 1016 978 1065 Τυδεύς
998 1019 1047 1062 δὲ
1075 1019 1266 1078 μαργῶν
1299 1019 1379 1062 καί
1406 1016 1560 1072 μάχης

246 1102 533 1159 λελιμμένος,
572 1095 649 1143 cfr.
684 1095 924 1162 Phrynieh.
962 1095 1166 1143 Pleuron.
1205 1114 1272 1161 ap.
1305 1096 1448 1142 Tzelz.
1470 1095 1560 1161 Ly-

248 1176 398 1242 cophr.
435 1177 545 1226 433.
583 1206 644 1212 —
713 1179 757 1222 2.
794 1179 931 1239 Δῆριν
965 1178 1229 1241 κορύσσειν,
1266 1187 1316 1224 ut
1348 1177 1477 1226 Hom.
1511 1175 1559 1222 Il.

247 1258 303 1316 II,
337 1261 446 1306 273.
491 1258 690 1313 πόλεμον
715 1258 982 1322 κορύσσειν,
1017 1259 1119 1305 Hes.
1155 1257 1273 1305 Scut.
1312 1257 1418 1305 148.
1455 1258 1562 1304 κλό-

247 1355 328 1386 νον
356 1341 565 1402 ἀνδρῶν,
621 1337 725 1385 198.
761 1339 921 1396 μάχην
932 1375 950 1402 ,
996 1339 1127 1386 Pind.
1165 1339 1315 1389 Isthm.
1351 1339 1448 1395 VH,
1483 1339 1559 1384 55.

248 1420 402 1476 μάχας
434 1423 597 1484 ἔργον,
632 1420 723 1469 Ine.
747 1418 880 1468 Rhes.
902 1422 1010 1469 933.
1046 1422 1351 1481 φιλαιμάτους
1382 1420 1540 1470 ἀλκὰς.

490 1710 562 1758 Ἣ.
721 1713 1307 1757 Incerta.

706 1840 743 1886 F
760 1858 784 1887 r
800 1858 823 1886 a
842 1858 871 1903 g
890 1858 944 1885 m.
1020 1839 1112 1886 XL.

384 1931 527 1999 Etym.
562 1934 624 1981 M.
662 1955 704 2001 p.
735 1938 845 1994 763,
881 1936 956 1984 58.
993 1935 1119 2000 Sylb.

353 2018 630 2075 Τραπεζίτης
662 2019 740 2065 δια
773 2019 857 2064 τοῦ
892 2035 909 2062 ι
953 2021 1162 2074 σημαίνει
1195 2016 1277 2063 τὸν
1309 2021 1355 2063 ἐν
1388 2018 1448 2075 τῇ
1482 2033 1563 2063 συ-

249 2100 418 2158 νηθείᾳ
450 2097 692 2156 λεγόμενον
732 2100 1032 2161 τραπεζίτην,
1091 2098 1185 2143 ἀπὸ
1230 2099 1315 2144 τοῦ
1346 2099 1562 2160 τράπεζα.

250 2178 328 2223 δια
364 2181 412 2222 δὲ
440 2178 521 2233 τῆς
553 2171 598 2224 ἦ
621 2180 887 2239 διφθόγγου
918 2179 1000 2222 τὸν
1027 2180 1073 2223 ἐν
1096 2179 1156 2236 τῇ
1194 2182 1394 2239 τραπέζῃ
1428 2198 1564 2241 παρι-

251 2258 494 2320 στάμενον,
530 2261 591 2309 ὥς
611 2263 720 2320 παρ’
747 2257 920 2319 Ὁμήρῳ
943 2259 1184 2318 τραπεζῆες
1207 2259 1331 2309 κύνες
1353 2280 1436 2307 -—-:
1468 2262 1561 2307 ἀπὸ

251 2340 336 2386 τοῦ
369 2341 611 2400 τραπεζεύς
630 2344 745 2387 ἐστι.
779 2340 832 2387 τὸ
867 2343 916 2385 δὲ
949 2343 1058 2400 παρ’
1091 2342 1285 2403 Ἰβύκςο
1317 2342 1394 2387 διὰ
1415 2342 1499 2387 τοῦ
1531 2347 1562 2397 ῆ

256 2420 498 2480 λεγόμενον
522 2421 912 2481 Τραπεζητᾶν
949 2424 1132 2468 κυνιῖν
1152 2425 1273 2468 ἔστιν
1309 2423 1369 2472 ὦς
1400 2427 1567 2467 πλείων

252 2501 427 2555 πλήων.
496 2500 765 2564 Theognost.
811 2519 878 2566 ap.
920 2500 1055 2547 Bekk.
1099 2499 1300 2548 Anecdd.
1343 2521 1386 2568 p.
1425 2501 1562 2548 1424.

257 2583 545 2641 τραπεζείτης
567 2585 675 2642 παρ’
698 2582 892 2645 Ἰβύκῳ
922 2582 1112 2644 εὕρηται
1135 2583 1259 2630 κατὰ
1280 2584 1459 2645 τροπὴν
1489 2584 1569 2638 τῆς
