<?xml version="1.0" encoding="UTF-8"?>
<!DOCTYPE html PUBLIC "-//W3C//DTD XHTML 1.0 Transitional//EN"
    "http://www.w3.org/TR/xhtml1/DTD/xhtml1-transitional.dtd">
<html xmlns="http://www.w3.org/1999/xhtml" xml:lang="en" lang="en">
 <head>
  <title>
</title>
<meta http-equiv="Content-Type" content="text/html;charset=utf-8" />
  <meta name='ocr-system' content='tesseract 3.04.00' />
  <meta name='ocr-capabilities' content='ocr_page ocr_carea ocr_par ocr_line ocrx_word'/>
</head>
<body>
  <div class='ocr_page' id='page_1' title='image "./ibycirheginicarm00schnuoft_0221.png"; bbox 0 0 1677 3059; ppageno 0'>
   <div class='ocr_carea' id='block_1_1' title="bbox 530 234 968 281">
    <p class='ocr_par' dir='ltr' id='par_1_1' title="bbox 530 234 968 281">
     <span class='ocr_line' id='line_1_1' title="bbox 530 234 968 281; baseline -0.009 1"><span class='ocrx_word' id='word_1_1' title='bbox 530 263 594 270; x_wconf 95' lang='lat'><strong>—</strong></span> <span class='ocrx_word' id='word_1_2' title='bbox 707 234 792 281; x_wconf 89' lang='lat'>191</span> <span class='ocrx_word' id='word_1_3' title='bbox 904 261 968 269; x_wconf 91' lang='lat'>—-</span> 
     </span>
    </p>
   </div>
   <div class='ocr_carea' id='block_1_2' title="bbox 93 371 1401 764">
    <p class='ocr_par' dir='ltr' id='par_1_2' title="bbox 93 371 1401 764">
     <span class='ocr_line' id='line_1_2' title="bbox 101 371 1400 441; baseline -0.002 -19"><span class='ocrx_word' id='word_1_4' title='bbox 101 374 318 441; x_wconf 81' lang='lat' dir='ltr'>perfracto</span> <span class='ocrx_word' id='word_1_5' title='bbox 363 392 574 440; x_wconf 84' lang='lat' dir='ltr'>aquarum</span> <span class='ocrx_word' id='word_1_6' title='bbox 608 384 740 440; x_wconf 76' lang='lat' dir='ltr'>ponte</span> <span class='ocrx_word' id='word_1_7' title='bbox 775 373 922 436; x_wconf 81' lang='lat' dir='ltr'>juncta</span> <span class='ocrx_word' id='word_1_8' title='bbox 957 372 1099 421; x_wconf 83' lang='lat' dir='ltr'>insula</span> <span class='ocrx_word' id='word_1_9' title='bbox 1134 390 1232 421; x_wconf 89' lang='lat' dir='ltr'>cum</span> <span class='ocrx_word' id='word_1_10' title='bbox 1267 371 1400 438; x_wconf 74' lang='lat' dir='ltr'>Syra-</span> 
     </span>
     <span class='ocr_line' id='line_1_3' title="bbox 99 454 1401 520; baseline -0.002 -16"><span class='ocrx_word' id='word_1_11' title='bbox 99 457 216 504; x_wconf 89' lang='lat' dir='ltr'><strong>cusis</strong></span> <span class='ocrx_word' id='word_1_12' title='bbox 248 457 355 515; x_wconf 81' lang='lat' dir='ltr'>fuit,</span> <span class='ocrx_word' id='word_1_13' title='bbox 391 457 478 504; x_wconf 90' lang='lat' dir='ltr'>Cic.</span> <span class='ocrx_word' id='word_1_14' title='bbox 514 455 554 501; x_wconf 96' lang='lat' dir='ltr'>II</span> <span class='ocrx_word' id='word_1_15' title='bbox 591 457 712 501; x_wconf 85' lang='lat' dir='ltr'>Verr.</span> <span class='ocrx_word' id='word_1_16' title='bbox 746 454 791 510; x_wconf 75' lang='grc'>4,</span> <span class='ocrx_word' id='word_1_17' title='bbox 816 457 890 502; x_wconf 88' lang='grc'>57.</span> <span class='ocrx_word' id='word_1_18' title='bbox 927 472 1064 520; x_wconf 78' lang='lat' dir='ltr'>eaque</span> <span class='ocrx_word' id='word_1_19' title='bbox 1096 455 1244 505; x_wconf 79' lang='grc' dir='ltr'><em>Νᾶσος</em></span> <span class='ocrx_word' id='word_1_20' title='bbox 1275 454 1401 501; x_wconf 75' lang='lat' dir='ltr'>solita</span> 
     </span>
     <span class='ocr_line' id='line_1_4' title="bbox 97 534 1400 603; baseline -0.002 -18"><span class='ocrx_word' id='word_1_21' title='bbox 97 537 320 603; x_wconf 79' lang='lat' dir='ltr'>appellari.</span> <span class='ocrx_word' id='word_1_22' title='bbox 399 535 629 600; x_wconf 83' lang='lat' dir='ltr'>Hodieque</span> <span class='ocrx_word' id='word_1_23' title='bbox 673 534 893 582; x_wconf 74' lang='lat' dir='ltr'>destructo</span> <span class='ocrx_word' id='word_1_24' title='bbox 937 534 1047 581; x_wconf 83' lang='lat' dir='ltr'>vallo</span> <span class='ocrx_word' id='word_1_25' title='bbox 1089 545 1221 600; x_wconf 87' lang='lat' dir='ltr'>ponte</span> <span class='ocrx_word' id='word_1_26' title='bbox 1264 554 1400 583; x_wconf 79' lang='lat' dir='ltr'>nexae</span> 
     </span>
     <span class='ocr_line' id='line_1_5' title="bbox 93 615 1397 682; baseline -0.002 -17"><span class='ocrx_word' id='word_1_27' title='bbox 93 618 263 666; x_wconf 84' lang='lat' dir='ltr'>insulae</span> <span class='ocrx_word' id='word_1_28' title='bbox 295 618 518 674; x_wconf 82' lang='lat' dir='ltr'>feruntur,</span> <span class='ocrx_word' id='word_1_29' title='bbox 553 634 590 663; x_wconf 79' lang='lat' dir='ltr'>v,</span> <span class='ocrx_word' id='word_1_30' title='bbox 612 615 798 663; x_wconf 81' lang='lat' dir='ltr'><strong>Goeller.</strong></span> <span class='ocrx_word' id='word_1_31' title='bbox 826 615 880 664; x_wconf 88' lang='lat' dir='ltr'>de</span> <span class='ocrx_word' id='word_1_32' title='bbox 908 616 974 663; x_wconf 82' lang='lat' dir='ltr'>sit.</span> <span class='ocrx_word' id='word_1_33' title='bbox 1005 615 1106 680; x_wconf 87' lang='lat' dir='ltr'>Syr.</span> <span class='ocrx_word' id='word_1_34' title='bbox 1129 634 1170 681; x_wconf 86' lang='lat' dir='ltr'>p.</span> <span class='ocrx_word' id='word_1_35' title='bbox 1200 618 1262 664; x_wconf 85' lang='lat'>39</span> <span class='ocrx_word' id='word_1_36' title='bbox 1284 635 1397 682; x_wconf 55' lang='lat' dir='ltr'>sqq„</span> 
     </span>
     <span class='ocr_line' id='line_1_6' title="bbox 96 695 1395 764; baseline -0.002 -17"><span class='ocrx_word' id='word_1_37' title='bbox 96 700 263 747; x_wconf 88' lang='lat' dir='ltr'>Cluver.</span> <span class='ocrx_word' id='word_1_38' title='bbox 307 699 392 747; x_wconf 88' lang='lat' dir='ltr'>Sic.</span> <span class='ocrx_word' id='word_1_39' title='bbox 436 709 520 745; x_wconf 82' lang='lat' dir='ltr'>ant.</span> <span class='ocrx_word' id='word_1_40' title='bbox 570 716 612 763; x_wconf 90' lang='lat' dir='ltr'>p.</span> <span class='ocrx_word' id='word_1_41' title='bbox 663 698 796 755; x_wconf 86' lang='lat'>155.‚</span> <span class='ocrx_word' id='word_1_42' title='bbox 847 695 1113 763; x_wconf 85' lang='lat' dir='ltr'>Cephalidae</span> <span class='ocrx_word' id='word_1_43' title='bbox 1144 697 1228 746; x_wconf 86' lang='lat' dir='ltr'>iter</span> <span class='ocrx_word' id='word_1_44' title='bbox 1255 697 1319 756; x_wconf 90' lang='grc' dir='ltr'>ΙΙ,</span> <span class='ocrx_word' id='word_1_45' title='bbox 1353 717 1395 764; x_wconf 92' lang='lat' dir='ltr'>p.</span> 
     </span>
    </p>
   </div>
   <div class='ocr_carea' id='block_1_3' title="bbox 95 782 276 846">
    <p class='ocr_par' dir='ltr' id='par_1_3' title="bbox 95 782 276 846">
     <span class='ocr_line' id='line_1_7' title="bbox 95 782 276 846; baseline 0.006 -20"><span class='ocrx_word' id='word_1_46' title='bbox 95 782 157 828; x_wconf 88' lang='grc'>35</span> <span class='ocrx_word' id='word_1_47' title='bbox 180 799 276 846; x_wconf 90' lang='lat' dir='ltr'><strong>sqq.</strong></span> 
     </span>
    </p>
   </div>
   <div class='ocr_carea' id='block_1_4' title="bbox 78 925 1395 2388">
    <p class='ocr_par' dir='ltr' id='par_1_4' title="bbox 358 925 1118 990">
     <span class='ocr_line' id='line_1_8' title="bbox 358 925 1118 990; baseline -0.001 -18"><span class='ocrx_word' id='word_1_48' title='bbox 358 926 574 990; x_wconf 82' lang='lat' dir='ltr'>Fragm</span> <span class='ocrx_word' id='word_1_49' title='bbox 590 944 645 972; x_wconf 88' lang='lat' dir='ltr'>m.</span> <span class='ocrx_word' id='word_1_50' title='bbox 705 926 887 972; x_wconf 84' lang='lat' dir='ltr'><strong>XXXV.</strong></span> <span class='ocrx_word' id='word_1_51' title='bbox 926 925 1118 972; x_wconf 69' lang='lat' dir='ltr'><strong>XXXVI</strong></span> 
     </span>
    </p>

    <p class='ocr_par' dir='ltr' id='par_1_5' title="bbox 223 1021 831 1087">
     <span class='ocr_line' id='line_1_9' title="bbox 223 1021 831 1087; baseline -0.002 -18"><span class='ocrx_word' id='word_1_52' title='bbox 223 1021 368 1069; x_wconf 84' lang='lat' dir='ltr'>Strab.</span> <span class='ocrx_word' id='word_1_53' title='bbox 407 1022 481 1079; x_wconf 85' lang='lat' dir='ltr'>VI,</span> <span class='ocrx_word' id='word_1_54' title='bbox 516 1040 558 1087; x_wconf 92' lang='lat' dir='ltr'>p.</span> <span class='ocrx_word' id='word_1_55' title='bbox 590 1024 700 1081; x_wconf 81' lang='lat'>271,</span> <span class='ocrx_word' id='word_1_56' title='bbox 735 1023 831 1069; x_wconf 85' lang='lat' dir='ltr'>Cas.</span> 
     </span>
    </p>

    <p class='ocr_par' dir='ltr' id='par_1_6' title="bbox 84 1099 1395 1814">
     <span class='ocr_line' id='line_1_10' title="bbox 190 1099 1395 1168; baseline -0.002 -17"><span class='ocrx_word' id='word_1_57' title='bbox 190 1103 431 1168; x_wconf 86' lang='lat' dir='ltr'>Postquam</span> <span class='ocrx_word' id='word_1_58' title='bbox 468 1103 554 1150; x_wconf 89' lang='lat' dir='ltr'>sibi</span> <span class='ocrx_word' id='word_1_59' title='bbox 592 1103 846 1150; x_wconf 85' lang='lat' dir='ltr'>convellisse</span> <span class='ocrx_word' id='word_1_60' title='bbox 881 1100 1053 1147; x_wconf 77' lang='lat' dir='ltr'>videtur</span> <span class='ocrx_word' id='word_1_61' title='bbox 1088 1099 1281 1149; x_wconf 85' lang='lat' dir='ltr'>fabulam</span> <span class='ocrx_word' id='word_1_62' title='bbox 1317 1102 1395 1149; x_wconf 90' lang='lat' dir='ltr'>Al-</span> 
     </span>
     <span class='ocr_line' id='line_1_11' title="bbox 88 1181 1394 1249; baseline -0.001 -19"><span class='ocrx_word' id='word_1_63' title='bbox 88 1182 192 1249; x_wconf 87' lang='lat' dir='ltr'>phei</span> <span class='ocrx_word' id='word_1_64' title='bbox 215 1194 256 1231; x_wconf 87' lang='lat' dir='ltr'>et</span> <span class='ocrx_word' id='word_1_65' title='bbox 282 1183 526 1231; x_wconf 79' lang='lat' dir='ltr'><strong>Arethusae</strong></span> <span class='ocrx_word' id='word_1_66' title='bbox 549 1183 719 1231; x_wconf 86' lang='lat' dir='ltr'>locutus</span> <span class='ocrx_word' id='word_1_67' title='bbox 746 1182 800 1229; x_wconf 90' lang='lat' dir='ltr'>de</span> <span class='ocrx_word' id='word_1_68' title='bbox 823 1181 970 1229; x_wconf 85' lang='lat' dir='ltr'>Inachi</span> <span class='ocrx_word' id='word_1_69' title='bbox 999 1193 1154 1228; x_wconf 81' lang='lat' dir='ltr'>natura</span> <span class='ocrx_word' id='word_1_70' title='bbox 1179 1200 1229 1228; x_wconf 83' lang='lat' dir='ltr'>ex</span> <span class='ocrx_word' id='word_1_71' title='bbox 1251 1193 1394 1229; x_wconf 83' lang='lat' dir='ltr'>mente</span> 
     </span>
     <span class='ocr_line' id='line_1_12' title="bbox 89 1262 1394 1332; baseline 0.001 -22"><span class='ocrx_word' id='word_1_72' title='bbox 89 1263 324 1329; x_wconf 88' lang='lat' dir='ltr'>Sophoclis</span> <span class='ocrx_word' id='word_1_73' title='bbox 357 1265 401 1311; x_wconf 90' lang='lat' dir='ltr'>in</span> <span class='ocrx_word' id='word_1_74' title='bbox 437 1265 526 1312; x_wconf 83' lang='lat' dir='ltr'>fab.</span> <span class='ocrx_word' id='word_1_75' title='bbox 562 1276 692 1332; x_wconf 79' lang='lat' dir='ltr'>satyr.</span> <span class='ocrx_word' id='word_1_76' title='bbox 731 1262 892 1310; x_wconf 77' lang='lat' dir='ltr'>Inacho</span> <span class='ocrx_word' id='word_1_77' title='bbox 929 1262 1094 1327; x_wconf 83' lang='lat' dir='ltr'>pergit:</span> <span class='ocrx_word' id='word_1_78' title='bbox 1129 1268 1394 1311; x_wconf 76' lang='grc' dir='ltr'><em>ἐπιτείνουσι</em></span> 
     </span>
     <span class='ocr_line' id='line_1_13' title="bbox 87 1345 1393 1408; baseline -0.002 -14"><span class='ocrx_word' id='word_1_79' title='bbox 87 1351 138 1394; x_wconf 78' lang='grc' dir='ltr'>δὲ</span> <span class='ocrx_word' id='word_1_80' title='bbox 168 1347 256 1404; x_wconf 77' lang='grc' dir='ltr'><em>τὴν</em></span> <span class='ocrx_word' id='word_1_81' title='bbox 287 1347 508 1403; x_wconf 79' lang='grc' dir='ltr'><em>τοιαύτην</em></span> <span class='ocrx_word' id='word_1_82' title='bbox 541 1351 868 1408; x_wconf 74' lang='grc' dir='ltr'><em>τερατολογίαν</em></span> <span class='ocrx_word' id='word_1_83' title='bbox 911 1348 954 1389; x_wconf 81' lang='grc' dir='ltr'>οἰ</span> <span class='ocrx_word' id='word_1_84' title='bbox 997 1345 1079 1389; x_wconf 87' lang='grc' dir='ltr'><em>τὸν</em></span> <span class='ocrx_word' id='word_1_85' title='bbox 1119 1347 1308 1392; x_wconf 78' lang='grc' dir='ltr'><em>Ἰνωπὸν</em></span> <span class='ocrx_word' id='word_1_86' title='bbox 1337 1350 1393 1396; x_wconf 84' lang='grc' dir='ltr'>εἰς</span> 
     </span>
     <span class='ocr_line' id='line_1_14' title="bbox 86 1427 1391 1489; baseline -0.003 -15"><span class='ocrx_word' id='word_1_87' title='bbox 86 1429 238 1485; x_wconf 85' lang='grc' dir='ltr'><em>Δῆλον</em></span> <span class='ocrx_word' id='word_1_88' title='bbox 265 1431 317 1474; x_wconf 80' lang='grc' dir='ltr'>ἐκ</span> <span class='ocrx_word' id='word_1_89' title='bbox 339 1429 426 1474; x_wconf 79' lang='grc' dir='ltr'>τοῦ</span> <span class='ocrx_word' id='word_1_90' title='bbox 451 1433 608 1474; x_wconf 82' lang='grc' dir='ltr'><em>Νείλου</em></span> <span class='ocrx_word' id='word_1_91' title='bbox 638 1428 935 1489; x_wconf 73' lang='grc' dir='ltr'><em>περαιοῦν-τες.</em></span> <span class='ocrx_word' id='word_1_92' title='bbox 995 1427 1192 1484; x_wconf 79' lang='grc' dir='ltr'><em>Ἀλφειὸν</em></span> <span class='ocrx_word' id='word_1_93' title='bbox 1210 1430 1258 1472; x_wconf 79' lang='grc' dir='ltr'>δέ</span> <span class='ocrx_word' id='word_1_94' title='bbox 1278 1431 1391 1472; x_wconf 74' lang='grc' dir='ltr'><em>Ζωΐ-</em></span> 
     </span>
     <span class='ocr_line' id='line_1_15' title="bbox 85 1509 1391 1571; baseline -0.002 -17"><span class='ocrx_word' id='word_1_95' title='bbox 85 1515 162 1558; x_wconf 86' lang='grc' dir='ltr'>λος</span> <span class='ocrx_word' id='word_1_96' title='bbox 194 1510 220 1556; x_wconf 86' lang='grc' dir='ltr'>ὁ</span> <span class='ocrx_word' id='word_1_97' title='bbox 253 1509 404 1570; x_wconf 74' lang='grc' dir='ltr'><em>ῥήτωρ</em></span> <span class='ocrx_word' id='word_1_98' title='bbox 449 1511 497 1553; x_wconf 83' lang='grc' dir='ltr'><em>ἐν</em></span> <span class='ocrx_word' id='word_1_99' title='bbox 534 1511 601 1571; x_wconf 79' lang='grc' dir='ltr'>τῷ</span> <span class='ocrx_word' id='word_1_100' title='bbox 648 1513 862 1556; x_wconf 80' lang='grc' dir='ltr'><em>Τενεδίων</em></span> <span class='ocrx_word' id='word_1_101' title='bbox 903 1510 1117 1567; x_wconf 74' lang='grc' dir='ltr'><em>ἐγκωμίῳ</em></span> <span class='ocrx_word' id='word_1_102' title='bbox 1161 1510 1300 1566; x_wconf 73' lang='grc' dir='ltr'><em>φησιν</em></span> <span class='ocrx_word' id='word_1_103' title='bbox 1340 1511 1391 1552; x_wconf 80' lang='grc' dir='ltr'>ἐκ</span> 
     </span>
     <span class='ocr_line' id='line_1_16' title="bbox 91 1587 1390 1651; baseline -0.004 -15"><span class='ocrx_word' id='word_1_104' title='bbox 91 1594 278 1637; x_wconf 78' lang='grc' dir='ltr'><em>Τενέδου</em></span> <span class='ocrx_word' id='word_1_105' title='bbox 312 1595 429 1651; x_wconf 75' lang='grc' dir='ltr'><em>ρἐῒν,</em></span> <span class='ocrx_word' id='word_1_106' title='bbox 465 1589 493 1635; x_wconf 79' lang='grc' dir='ltr'><em>ὁ</em></span> <span class='ocrx_word' id='word_1_107' title='bbox 526 1590 608 1635; x_wconf 85' lang='grc' dir='ltr'><em>τὸν</em></span> <span class='ocrx_word' id='word_1_108' title='bbox 635 1591 842 1649; x_wconf 80' lang='grc' dir='ltr'><em>Ὅμηρον</em></span> <span class='ocrx_word' id='word_1_109' title='bbox 875 1592 1022 1646; x_wconf 61' lang='grc' dir='ltr'><em>ψέγων</em></span> <span class='ocrx_word' id='word_1_110' title='bbox 1055 1587 1116 1635; x_wconf 75' lang='grc' dir='ltr'>ὠς</span> <span class='ocrx_word' id='word_1_111' title='bbox 1147 1588 1390 1648; x_wconf 72' lang='grc' dir='ltr'><em>μυθογρά-</em></span> 
     </span>
     <span class='ocr_line' id='line_1_17' title="bbox 84 1669 1391 1734; baseline -0.002 -17"><span class='ocrx_word' id='word_1_112' title='bbox 84 1688 186 1729; x_wconf 84' lang='grc' dir='ltr'><em>φον.</em></span> <span class='ocrx_word' id='word_1_113' title='bbox 206 1672 277 1734; x_wconf 82' lang='grc'>48)</span> <span class='ocrx_word' id='word_1_114' title='bbox 353 1669 578 1734; x_wconf 73' lang='grc' dir='ltr'><em>Ἴβυκος</em></span> <span class='ocrx_word' id='word_1_115' title='bbox 606 1674 654 1716; x_wconf 80' lang='grc' dir='ltr'>δὲ</span> <span class='ocrx_word' id='word_1_116' title='bbox 686 1670 768 1715; x_wconf 85' lang='grc' dir='ltr'><em>τὸν</em></span> <span class='ocrx_word' id='word_1_117' title='bbox 800 1672 848 1714; x_wconf 79' lang='grc' dir='ltr'><em>ἐν</em></span> <span class='ocrx_word' id='word_1_118' title='bbox 882 1670 1076 1714; x_wconf 75' lang='grc' dir='ltr'><em>Σικυῶνι</em></span> <span class='ocrx_word' id='word_1_119' title='bbox 1113 1670 1312 1714; x_wconf 79' lang='grc' dir='ltr'><em>Ἀσωπὸν</em></span> <span class='ocrx_word' id='word_1_120' title='bbox 1339 1672 1391 1714; x_wconf 77' lang='grc' dir='ltr'>ἐκ</span> 
     </span>
     <span class='ocr_line' id='line_1_18' title="bbox 86 1756 562 1814; baseline -0.011 -14"><span class='ocrx_word' id='word_1_121' title='bbox 86 1757 283 1814; x_wconf 80' lang='grc' dir='ltr'><em>Φρυγίας</em></span> <span class='ocrx_word' id='word_1_122' title='bbox 317 1757 406 1813; x_wconf 72' lang='grc' dir='ltr'><em>ρἐῖν</em></span> <span class='ocrx_word' id='word_1_123' title='bbox 438 1756 562 1810; x_wconf 75' lang='grc' dir='ltr'><em>φησι.</em></span> 
     </span>
    </p>

    <p class='ocr_par' dir='ltr' id='par_1_7' title="bbox 78 1833 1388 2388">
     <span class='ocr_line' id='line_1_19' title="bbox 210 1833 1388 1902; baseline -0.005 -16"><span class='ocrx_word' id='word_1_124' title='bbox 210 1840 358 1902; x_wconf 82' lang='lat' dir='ltr'>Quam</span> <span class='ocrx_word' id='word_1_125' title='bbox 399 1842 725 1901; x_wconf 79' lang='grc' dir='ltr'><em>τερατολογίαν</em></span> <span class='ocrx_word' id='word_1_126' title='bbox 762 1834 882 1884; x_wconf 82' lang='lat' dir='ltr'>nullo</span> <span class='ocrx_word' id='word_1_127' title='bbox 933 1846 1061 1901; x_wconf 75' lang='lat' dir='ltr'>pacto</span> <span class='ocrx_word' id='word_1_128' title='bbox 1116 1852 1197 1900; x_wconf 91' lang='lat' dir='ltr'>per</span> <span class='ocrx_word' id='word_1_129' title='bbox 1242 1833 1388 1897; x_wconf 88' lang='lat' dir='ltr'>jocum</span> 
     </span>
     <span class='ocr_line' id='line_1_20' title="bbox 81 1916 1385 1989; baseline -0.01 -17"><span class='ocrx_word' id='word_1_130' title='bbox 81 1935 210 1989; x_wconf 84' lang='lat' dir='ltr'>atque</span> <span class='ocrx_word' id='word_1_131' title='bbox 255 1920 496 1968; x_wconf 78' lang='lat' dir='ltr'>ludibrium</span> <span class='ocrx_word' id='word_1_132' title='bbox 542 1917 802 1984; x_wconf 85' lang='lat' dir='ltr'>procudisse</span> <span class='ocrx_word' id='word_1_133' title='bbox 849 1916 1095 1963; x_wconf 88' lang='lat' dir='ltr'>censendus</span> <span class='ocrx_word' id='word_1_134' title='bbox 1150 1924 1213 1961; x_wconf 86' lang='lat' dir='ltr'>est</span> <span class='ocrx_word' id='word_1_135' title='bbox 1258 1925 1385 1979; x_wconf 80' lang='lat' dir='ltr'>poeta</span> 
     </span>
     <span class='ocr_line' id='line_1_21' title="bbox 78 1995 1387 2067; baseline -0.009 -15"><span class='ocrx_word' id='word_1_136' title='bbox 78 2004 333 2067; x_wconf 69' lang='lat' dir='ltr'>Rhegium,</span> <span class='ocrx_word' id='word_1_137' title='bbox 370 2013 417 2048; x_wconf 86' lang='lat' dir='ltr'>ut</span> <span class='ocrx_word' id='word_1_138' title='bbox 450 1998 658 2066; x_wconf 84' lang='lat' dir='ltr'>judicavit</span> <span class='ocrx_word' id='word_1_139' title='bbox 691 1997 863 2044; x_wconf 81' lang='lat' dir='ltr'>Strabo.</span> <span class='ocrx_word' id='word_1_140' title='bbox 933 1996 1015 2042; x_wconf 82' lang='lat' dir='ltr'>Rei</span> <span class='ocrx_word' id='word_1_141' title='bbox 1056 1995 1207 2043; x_wconf 81' lang='lat' dir='ltr'>eadem</span> <span class='ocrx_word' id='word_1_142' title='bbox 1243 1995 1387 2041; x_wconf 81' lang='lat' dir='ltr'>consi-</span> 
     </span>
     <span class='ocr_line' id='line_1_22' title="bbox 79 2074 1386 2142; baseline -0.009 -10"><span class='ocrx_word' id='word_1_143' title='bbox 79 2084 246 2132; x_wconf 84' lang='lat' dir='ltr'>milisve</span> <span class='ocrx_word' id='word_1_144' title='bbox 289 2083 419 2130; x_wconf 82' lang='lat' dir='ltr'>debet</span> <span class='ocrx_word' id='word_1_145' title='bbox 462 2082 646 2130; x_wconf 82' lang='lat' dir='ltr'>subesse</span> <span class='ocrx_word' id='word_1_146' title='bbox 682 2098 860 2136; x_wconf 81' lang='lat' dir='ltr'>caussa,</span> <span class='ocrx_word' id='word_1_147' title='bbox 908 2076 1078 2142; x_wconf 87' lang='lat' dir='ltr'>qualem</span> <span class='ocrx_word' id='word_1_148' title='bbox 1115 2075 1289 2123; x_wconf 86' lang='lat' dir='ltr'>fabulae</span> <span class='ocrx_word' id='word_1_149' title='bbox 1323 2074 1386 2121; x_wconf 89' lang='lat' dir='ltr'>illi</span> 
     </span>
     <span class='ocr_line' id='line_1_23' title="bbox 81 2154 1382 2229; baseline -0.009 -17"><span class='ocrx_word' id='word_1_150' title='bbox 81 2165 136 2212; x_wconf 92' lang='lat' dir='ltr'>de</span> <span class='ocrx_word' id='word_1_151' title='bbox 181 2163 353 2229; x_wconf 81' lang='lat' dir='ltr'>Alpheo</span> <span class='ocrx_word' id='word_1_152' title='bbox 400 2174 441 2210; x_wconf 89' lang='lat' dir='ltr'>et</span> <span class='ocrx_word' id='word_1_153' title='bbox 482 2161 727 2209; x_wconf 82' lang='lat' dir='ltr'>Arethusae</span> <span class='ocrx_word' id='word_1_154' title='bbox 772 2177 921 2207; x_wconf 85' lang='lat' dir='ltr'>ansam</span> <span class='ocrx_word' id='word_1_155' title='bbox 960 2157 1149 2203; x_wconf 78' lang='lat' dir='ltr'>vidimus</span> <span class='ocrx_word' id='word_1_156' title='bbox 1194 2154 1382 2202; x_wconf 87' lang='lat' dir='ltr'>dedisse.</span> 
     </span>
     <span class='ocr_line' id='line_1_24' title="bbox 79 2237 1383 2307; baseline -0.006 -17"><span class='ocrx_word' id='word_1_157' title='bbox 79 2243 333 2307; x_wconf 86' lang='lat' dir='ltr'>Eademque</span> <span class='ocrx_word' id='word_1_158' title='bbox 358 2243 584 2306; x_wconf 86' lang='lat' dir='ltr'>persuasio</span> <span class='ocrx_word' id='word_1_159' title='bbox 620 2252 854 2307; x_wconf 83' lang='lat' dir='ltr'>occuparat</span> <span class='ocrx_word' id='word_1_160' title='bbox 887 2249 1052 2285; x_wconf 79' lang='lat' dir='ltr'>mentes</span> <span class='ocrx_word' id='word_1_161' title='bbox 1073 2237 1383 2292; x_wconf 85' lang='lat' dir='ltr'>Phliasiorum,</span> 
     </span>
     <span class='ocr_line' id='line_1_25' title="bbox 81 2316 1382 2388; baseline -0.006 -18"><span class='ocrx_word' id='word_1_162' title='bbox 81 2341 269 2388; x_wconf 92' lang='lat' dir='ltr'>quorum</span> <span class='ocrx_word' id='word_1_163' title='bbox 298 2323 344 2368; x_wconf 89' lang='lat' dir='ltr'>in</span> <span class='ocrx_word' id='word_1_164' title='bbox 378 2321 541 2368; x_wconf 86' lang='lat' dir='ltr'>finibus</span> <span class='ocrx_word' id='word_1_165' title='bbox 571 2323 711 2370; x_wconf 83' lang='lat' dir='ltr'>oritur</span> <span class='ocrx_word' id='word_1_166' title='bbox 732 2321 959 2378; x_wconf 83' lang='lat' dir='ltr'>fluviolus,</span> <span class='ocrx_word' id='word_1_167' title='bbox 994 2331 1124 2384; x_wconf 90' lang='lat' dir='ltr'>atque</span> <span class='ocrx_word' id='word_1_168' title='bbox 1147 2316 1382 2382; x_wconf 86' lang='lat' dir='ltr'>Sicyonio-</span> 
     </span>
    </p>
   </div>
   <div class='ocr_carea' id='block_1_5' title="bbox 136 2504 1378 2624">
    <p class='ocr_par' dir='ltr' id='par_1_8' title="bbox 136 2504 1378 2624">
     <span class='ocr_line' id='line_1_26' title="bbox 136 2504 1378 2560; baseline -0.009 -12"><span class='ocrx_word' id='word_1_169' title='bbox 136 2511 205 2558; x_wconf 86' lang='lat'>48)</span> <span class='ocrx_word' id='word_1_170' title='bbox 232 2512 280 2545; x_wconf 61' lang='lat' dir='ltr'>In*</span> <span class='ocrx_word' id='word_1_171' title='bbox 302 2512 412 2546; x_wconf 80' lang='lat' dir='ltr'>..crito</span> <span class='ocrx_word' id='word_1_172' title='bbox 451 2512 556 2545; x_wconf 75' lang='lat' dir='ltr'>verba</span> <span class='ocrx_word' id='word_1_173' title='bbox 594 2509 614 2546; x_wconf 81' lang='grc' dir='ltr'>ὁ</span> <span class='ocrx_word' id='word_1_174' title='bbox 636 2533 689 2540; x_wconf 91' lang='lat'>-—</span> <span class='ocrx_word' id='word_1_175' title='bbox 709 2515 865 2560; x_wconf 76' lang='grc' dir='ltr'><em>μυθογρ.</em></span> <span class='ocrx_word' id='word_1_176' title='bbox 906 2511 945 2544; x_wconf 87' lang='lat' dir='ltr'>F.</span> <span class='ocrx_word' id='word_1_177' title='bbox 983 2508 1026 2542; x_wconf 89' lang='lat' dir='ltr'>A.</span> <span class='ocrx_word' id='word_1_178' title='bbox 1060 2505 1185 2541; x_wconf 85' lang='lat' dir='ltr'>Wolf.</span> <span class='ocrx_word' id='word_1_179' title='bbox 1215 2504 1378 2551; x_wconf 80' lang='lat' dir='ltr'>Prolegg.</span> 
     </span>
     <span class='ocr_line' id='line_1_27' title="bbox 208 2571 1377 2624; baseline -0.007 -13"><span class='ocrx_word' id='word_1_180' title='bbox 208 2577 313 2611; x_wconf 85' lang='lat' dir='ltr'>Hom.</span> <span class='ocrx_word' id='word_1_181' title='bbox 346 2591 380 2624; x_wconf 87' lang='lat' dir='ltr'>p.</span> <span class='ocrx_word' id='word_1_182' title='bbox 410 2576 551 2611; x_wconf 84' lang='lat' dir='ltr'>CXCII.</span> <span class='ocrx_word' id='word_1_183' title='bbox 583 2577 619 2610; x_wconf 89' lang='lat' dir='ltr'>in</span> <span class='ocrx_word' id='word_1_184' title='bbox 649 2578 846 2624; x_wconf 80' lang='lat' dir='ltr'>marginem</span> <span class='ocrx_word' id='word_1_185' title='bbox 879 2573 1068 2621; x_wconf 74' lang='lat' dir='ltr'>releganda</span> <span class='ocrx_word' id='word_1_186' title='bbox 1100 2571 1286 2606; x_wconf 76' lang='lat' dir='ltr'>arbitratus</span> <span class='ocrx_word' id='word_1_187' title='bbox 1317 2576 1377 2611; x_wconf 73' lang='lat' dir='ltr'>est,</span> 
     </span>
    </p>
   </div>
   <div class='ocr_carea' id='block_1_6' title="bbox 209 2635 1229 2689">
    <p class='ocr_par' dir='ltr' id='par_1_9' title="bbox 209 2635 1229 2689">
     <span class='ocr_line' id='line_1_28' title="bbox 209 2635 1229 2689; baseline -0.008 -12"><span class='ocrx_word' id='word_1_188' title='bbox 209 2656 300 2689; x_wconf 85' lang='lat' dir='ltr'>quac</span> <span class='ocrx_word' id='word_1_189' title='bbox 328 2641 696 2677; x_wconf 73' lang='lat' dir='ltr'>accommodatissima</span> <span class='ocrx_word' id='word_1_190' title='bbox 727 2649 807 2675; x_wconf 85' lang='lat' dir='ltr'>sunt</span> <span class='ocrx_word' id='word_1_191' title='bbox 833 2639 981 2675; x_wconf 82' lang='lat' dir='ltr'>consilio</span> <span class='ocrx_word' id='word_1_192' title='bbox 1012 2635 1229 2684; x_wconf 78' lang='lat' dir='ltr'>Geographi.</span> 
     </span>
    </p>
   </div>
  </div>
 </body>
</html>
