1677 3059
668 187 1108 236 —82—

236 332 366 388 dum,
422 326 544 394 quod
580 326 759 391 quidem
803 335 1074 389 compertum
1118 323 1329 382 habeam,
1378 323 1432 370 (le
1478 323 1544 369 in-

238 413 405 460 dustria
445 409 544 471 egit.
629 406 719 467 Qui
767 404 1016 450 universam
1052 402 1277 449 historiam
1323 404 1546 451 literarum

240 495 508 542 Graecarum
545 483 833 532 enarrandam
871 495 1182 549 susceperunt,
1220 485 1265 529 in
1289 483 1452 530 Suidae
1483 494 1547 530 te«

239 576 403 621 nuitate
439 571 529 617 sere
566 566 897 630 acquieverunt,
941 576 990 612 ut
1022 564 1102 611 Lil.
1141 563 1390 631 Gyraldus,
1432 567 1548 611 Vos-

242 655 350 710 sius,
386 647 710 703 Groddeekius,
743 646 999 693 Schoellius.
1059 646 1193 693 Plura
1219 644 1450 692 Fabricius
1472 644 1549 691 de-

244 733 332 789 dit,
384 741 535 777 auctus
571 731 608 776 is
645 729 699 775 ab
737 727 961 785 Harlesio,
1019 745 1110 773 non
1146 725 1414 773 emendatus.
1502 724 1551 770 Si

245 815 321 879 qui
356 823 496 859 autem
530 810 642 857 ultra
680 809 863 857 Suidam
898 808 1124 873 progressi
1160 818 1286 865 sunt,
1330 823 1422 852 non
1451 822 1553 852 raro

244 896 290 942 in
322 892 535 958 joculares
557 909 728 937 errores
758 890 1033 937 delabuntur.
1103 889 1156 935 Id
1177 887 1376 936 consulto
1403 898 1555 935 notare

247 972 504 1041 supersedi;
560 970 641 1018 sed
676 989 731 1016 ne
764 970 872 1034 quid
914 969 1175 1015 invidiosius
1211 988 1236 1015 a
1280 987 1348 1015 me
1391 968 1558 1015 dictum

248 1056 539 1109 existimetur,
577 1052 683 1097 haec
719 1050 905 1096 habebis
938 1048 1144 1114 exempla.
1210 1048 1353 1094 Balth.
1375 1048 1557 1095 Bonifa-

249 1139 341 1185 cius
377 1135 476 1181 hist.
499 1133 653 1179 ludier.
686 1133 719 1190 I,
743 1133 784 1177 6.
816 1130 871 1177 ab
904 1131 1112 1197 ibycibus
1136 1129 1290 1176 avibus
1324 1129 1559 1175 enutritum

248 1217 410 1265 mensis
447 1214 557 1261 adeo
604 1215 801 1260 Deorum
846 1211 1071 1258 admotum
1106 1211 1299 1274 jocatur,
1346 1228 1395 1256 ex
1430 1208 1558 1271 frgm.

250 1298 333 1344 XII
366 1295 522 1361 procul
557 1293 707 1341 dubio.
776 1294 935 1340 Narrat
966 1291 1193 1338 Harlesius
1230 1309 1280 1337 ex
1316 1289 1474 1336 Crasso
1506 1288 1563 1337 de

249 1389 380 1444 poett.
419 1376 521 1423 Grr.
553 1394 596 1440 p.
619 1377 753 1432 292,
791 1372 1021 1438 scripsisse
1057 1391 1157 1420 eum
1180 1373 1373 1437 Raptum
1411 1370 1563 1436 Gany-

249 1458 390 1506 medis
415 1468 456 1505 et
474 1455 719 1503 Pithonem.
768 1454 1025 1501 Mohnikius
1049 1453 1149 1500 hist.
1178 1453 1237 1499 lit.
1267 1452 1367 1499 Grr.
1386 1469 1428 1516 p.
1453 1453 1561 1498 303.

250 1550 438 1586 metrum
478 1537 534 1584 ab
574 1555 624 1584 eo
659 1536 882 1583 inventum
926 1547 966 1582 et
1006 1534 1334 1581 denominatum
1366 1533 1566 1595 ἰβύκινον

251 1620 382 1666 novit.
451 1619 589 1665 Immo
624 1636 727 1665 vero
762 1618 957 1663 omnium
992 1617 1160 1681 primus
1195 1614 1359 1680 Ibycus
1393 1610 1565 1658 varian-

252 1699 313 1746 tia
346 1700 542 1764 quinque
567 1698 839 1765 planetarum
873 1698 1050 1744 nomina
1082 1694 1363 1759 excogitavit,
1398 1704 1447 1740 ut
1469 1692 1564 1758 pla-

255 1791 321 1828 cet
353 1779 514 1826 vossio
551 1779 605 1827 de
640 1778 859 1825 Idololatr.
889 1779 943 1836 II,
977 1781 1050 1825 33.
1119 1779 1311 1832 Vereor,
1345 1793 1400 1821 ne
1432 1773 1562 1836 frgm.

254 1861 416 1907 XLVII
449 1859 621 1926 lepidae
656 1859 841 1907 fabellae
875 1876 1035 1925 parens
1070 1859 1136 1905 sit.
1215 1855 1340 1903 Talia
1374 1853 1565 1902 meliori-

255 1940 339 1988 bus
375 1942 561 2006 repertis

472 2020 626 2071 Porcis
663 2020 933 2071 comedenda
968 2019 1200 2085 relinques.

699 2218 1117 2228 *ρ’-,Μ
