1677 3059
535 233 598 241 —--
714 217 797 250 XIII
916 233 976 238 ---—

101 346 398 397 exornandam
432 347 672 411 reliquisse.
750 344 893 409 ‘quue
937 346 1016 390 hoc
1052 343 1146 390 loco
1184 362 1233 390 eo
1274 344 1412 391 liben-

100 438 186 484 tius
219 435 402 491 faciam,
449 454 535 500 quo
568 432 762 481 tenacius
792 450 842 479 ea
878 431 1104 497 persuasio
1140 431 1284 477 animo
1316 449 1412 478 meo

93 523 298 570 inhaesit.
367 521 590 587 Apollonii
625 531 690 567 est
724 519 846 566 locus
884 519 979 582 (Ill,
1019 518 1178 580 158.)‚
1216 537 1304 582 quo
1337 518 1411 564 de-

102 609 311 658 scribitur
348 611 487 657 Amor
521 627 571 656 ex
603 607 700 654 aula
726 605 847 652 Jovis
884 605 1092 652 excitatus
1133 615 1261 669 atque
1295 617 1412 652 extra

101 697 282 764 Olympi
319 707 467 762 portas
504 711 794 760 progressus,
847 692 923 739 ubi
961 693 1004 738 in
1037 704 1196 739 terram
1233 692 1414 739 descen-

102 784 221 830 ditur
268 782 444 846 duoque
490 792 659 828 montes
704 780 911 827 sublimia
955 779 1129 841 erigunt
1176 780 1413 835 cacumina,

101 868 257 916 orienti
308 867 390 914 soli
434 867 656 933 proxima:
721 886 808 932 quo
861 867 956 914 loco
1003 867 1141 912 Amor
1187 865 1412 931 paululum

101 956 347 1003 subsistens
380 966 540 1002 terram
570 974 669 1003 cum
694 955 883 1001 urbibus
917 953 1142 1000 hominum
1169 963 1210 1000 et
1236 951 1413 998 flumina

99 1054 358 1108 montesque
385 1053 514 1107 atque
539 1042 671 1089 altum
692 1060 810 1089 mare
840 1040 1146 1105 circumspicit.
1217 1039 1297 1086 His
1320 1057 1414 1085 ver-

101 1130 252 1188 sibus,
295 1140 443 1177 monet
479 1127 768 1186 scholiastes,
827 1128 1110 1194 Apollonium
1147 1126 1414 1191 expressisse

105 1218 555 1280 (παραγεγραφέναι)
586 1235 661 1274 ea,
699 1235 811 1281 quae
843 1216 1005 1282 Ibycus
1038 1219 1084 1260 ἐν
1118 1216 1178 1274 τῇ
1211 1218 1267 1264 εἰς
1303 1223 1414 1273 Γορ-

102 1312 210 1365 γίαν
251 1305 351 1367 ᾠδῇ
396 1304 450 1352 (16
494 1314 623 1369 raptu
660 1302 932 1370 Ganymedis
969 1302 1175 1356 dixisset,
1227 1300 1413 1365 Ibycum

104 1401 245 1437 autem
281 1390 349 1437 his
386 1391 612 1437 addidisse
648 1389 841 1436 fabulam
862 1389 916 1435 de
940 1389 1131 1435 Tithono
1157 1387 1212 1433 ab
1240 1388 1413 1434 Aurora

102 1487 241 1542 rapto,
335 1477 401 1524 Ex
438 1477 602 1542 quibus
648 1477 836 1542 primum
873 1475 1153 1538 intelligitur,
1206 1473 1333 1521 etiam
1367 1474 1413 1519 in

105 1564 295 1612 carmine
328 1564 454 1631 Ibyci
489 1564 578 1610 sive
610 1564 819 1611 Amorem
855 1563 943 1609 sive
979 1561 1111 1608 alium
1144 1560 1276 1607 deum
1312 1559 1413 1624 (sed

103 1651 160 1698 de
183 1652 346 1698 Amore
369 1651 562 1699 locutum
587 1670 682 1698 esse
709 1650 917 1718 Ibycum,
953 1648 1231 1715 probabilius
1258 1646 1412 1705 duco),

104 1757 128 1785 6
162 1738 302 1804 portis
337 1737 520 1806 Olympi
556 1755 782 1801 egressum
817 1755 936 1794 esse,
986 1747 1034 1783 ut
1066 1753 1177 1801 quae
1205 1735 1251 1781 in
1285 1734 1413 1780 terris

103 1835 340 1888 agerentur
373 1825 668 1891 prospiceret;
705 1835 746 1871 et
773 1824 1031 1887 intelligitur
1065 1821 1251 1879 deinde,
1284 1820 1413 1867 sabu-

104 1911 168 1960 las
206 1911 262 1960 de
299 1911 558 1980 Ganymede
594 1930 620 1959 a
652 1914 785 1971 Jove,
832 1911 1113 1975 Tithonoque
1148 1908 1203 1954 ab
1239 1908 1416 1955 Aurora

103 1998 242 2064 raptis
274 2016 326 2046 eo
355 2017 446 2045 uno
488 1999 680 2046 carmine
721 1998 1059 2064 comprehensas
1094 1995 1244 2042 fuisse.
1323 1993 1414 2038 Iam

105 2102 193 2149 quo
230 2085 439 2144 consilio,
476 2085 767 2150 quaerebam,
803 2085 965 2152 Ibycus
991 2084 1069 2130 hos
1094 2081 1272 2148 pulcros
1294 2079 1414 2125 iuve-

103 2189 182 2219 nes
220 2173 498 2220 coniunxisse
532 2172 763 2220 videretur.
825 2174 908 2219 ‘'l'u
935 2172 991 2219 ad
1023 2171 1140 2217 hunc
1166 2167 1297 2213 finem
1322 2181 1413 2211 me-

104 2258 288 2306 moriam
312 2277 461 2306 eorum
485 2261 761 2307 coniunctam
784 2278 878 2307 esse
901 2258 1147 2312 statuebas,
1176 2264 1225 2299 ut
1245 2268 1415 2299 summa

104 2346 283 2392 Amoris
329 2346 521 2410 potentia
554 2346 873 2404 declararetur,
928 2346 1093 2411 quippe
1136 2341 1205 2389 cui
1249 2356 1305 2385 ne
1351 2336 1412 2383 dii

107 2431 286 2496 quidem
321 2430 535 2478 obluctari
570 2445 761 2498 possent.
842 2433 1004 2479 Contra
1040 2448 1144 2494 ego,
1194 2444 1274 2475 cur
1307 2424 1413 2471 haec

104 2518 382 2583 potissimum
419 2519 613 2584 exempla
639 2519 822 2567 deorum
858 2519 994 2567 amori
1031 2513 1309 2563 servientium
1337 2510 1413 2556 de-

103 2603 212 2652 lecta
247 2615 415 2662 essent,
454 2604 670 2663 mirabar,
706 2607 752 2653 in
777 2618 864 2653 tam
895 2606 1108 2652 immenso
1139 2616 1322 2648 numero
1351 2596 1414 2643 fa-
