1677 3059
546 194 979 240 —21—

201 331 370 395 Ἰβυκος
403 336 572 385 Ἰταλὸς
605 326 666 380 αὖ
695 336 747 379 ἐκ
781 335 969 393 Ῥηγίου
1002 335 1057 391 ἠὲ
1090 333 1304 390 Μεσήνης.
1326 335 1368 398 7)

110 412 175 459 Ita
217 431 367 460 onmes
414 413 616 461 exhibent
647 423 820 478 praeter
861 413 1100 471 Ursinum‚
1162 431 1292 478 quem
1325 419 1409 474 ἠδὲ

111 490 302 540 edidisse
345 493 490 541 laetor.
575 495 684 540 Nam
718 492 846 540 talem
879 512 1119 541 memorare
1154 493 1407 560 d1screpan-

108 572 211 619 tiam
233 575 422 621 rumoris
450 574 780 640 Glossographo
812 574 1136 621 convenientius
1160 585 1237 631 est,
1274 593 1405 639 quam

108 652 174 699 vel
205 653 451 701 aridissimo
480 667 646 719 poetae.
735 654 946 719 Reposito
986 654 1120 716 igitur
1160 661 1243 713 ἠδὲ
1276 667 1405 722 poeta

107 735 246 797 tangit
279 746 320 781 et
352 733 495 781 solum
535 747 689 800 poetae
721 734 862 782 natale
908 744 948 780 et
990 733 1138 780 sedem
1173 736 1402 799 majorum,

108 813 162 862 de
203 833 289 880 qua
332 832 379 861 re
426 832 560 879 supra
605 805 932 881 disputavimus.
1020 813 1172 877 Itaque
1215 815 1403 863 voluisse

106 906 325 942 auctorem
349 893 687 960 Epigrammatis
723 895 872 952 docet,
909 893 1054 958 quod,
1090 894 1126 940 si
1152 895 1401 944 Messanam

103 973 289 1022 Siciliae
323 975 469 1022 dicere
510 975 741 1033 voluisset,
796 974 863 1022 vel
903 976 1071 1025 Ἰταλὸς
1110 975 1399 1024 omittendum

102 1054 187 1102 fuit
225 1055 301 1103 vel
324 1055 578 1103 addendum
616 1060 648 1113 ἧ
680 1056 868 1106 Σικελὸς.
958 1053 1224 1103 Corroborat
1257 1068 1397 1105 autem

101 1135 173 1184 hic
204 1136 354 1193 locus,
412 1135 532 1200 quod
568 1136 775 1201 suspicati
810 1153 985 1191 sumuS‚
1039 1146 1212 1199 poetam
1253 1138 1399 1203 ipsum

99 1217 147 1264 in
179 1217 369 1264 carmine
403 1217 548 1281 aliquo
584 1216 775 1263 locutum
811 1234 904 1263 esse
937 1215 992 1262 de
1026 1216 1194 1278 origine
1230 1219 1398 1266 Messe-

99 1298 173 1345 nia
201 1309 251 1344 ut
281 1296 420 1344 nobili
452 1307 580 1361 atque
616 1295 868 1344 honorifica.

226 1376 322 1424 Itali
356 1387 398 1424 et
431 1375 567 1423 Siculi
601 1377 863 1424 recentiores
899 1377 1045 1443 prouti
1080 1376 1145 1424 vel
1180 1377 1394 1440 Rheginis

99 1459 243 1505 favent
285 1457 351 1504 vel
390 1456 776 1515 Messanensibus,
837 1477 922 1522 qua
970 1457 1181 1505 excellunt
1211 1457 1393 1517 levitate,

97 1549 172 1585 aut
212 1537 464 1600 Rheginum
509 1549 681 1602 poetam
726 1539 891 1585 faciunt
936 1550 1009 1585 aut
1052 1539 1392 1584 Messanensem.

94 1617 225 1667 Velut
257 1618 484 1681 Mongitor
515 1618 714 1665 biblioth.
752 1619 835 1665 Sic.
869 1639 912 1684 p.
943 1620 1049 1666 306.
1094 1636 1184 1664 non
1219 1617 1394 1665 dubita-

95 1699 154 1746 vit
174 1698 391 1765 profiteri:
425 1701 669 1747 Messanae
688 1700 968 1762 sanioribus
993 1697 1251 1745 adhaerens
1272 1700 1392 1746 Mes-

92 1797 236 1827 sanae
265 1781 462 1844 Ibycum
488 1781 678 1841 ascribo.
748 1780 875 1827 Mitto
910 1780 1061 1826 inanes
1096 1779 1279 1825 istorum
1314 1777 1393 1824 ho-

92 1855 258 1907 minuin
291 1861 405 1908 rixas
443 1861 531 1908 fide
562 1861 770 1908 historica
802 1871 1008 1908 carentes.
1097 1859 1392 1921 Mongitorem

147 1999 189 2047 7)
215 2000 315 2036 Licet
341 2001 446 2037 codd.
473 2000 674 2047 saepissime
703 2000 856 2034 offerant
881 1997 1050 2044 scriptum
1081 1995 1244 2041 Μεσήιή,
1271 2002 1391 2032 tamen

221 2065 337 2100 numis
365 2079 402 2100 se
432 2066 599 2100 assentire
631 2065 807 2112 professus
841 2071 891 2098 cst
918 2062 1046 2096 YValz.
1075 2061 1200 2095 Arsen.
1229 2060 1324 2095 Viol.
1354 2075 1388 2108 p.

223 2128 285 2172 64,
312 2145 334 2166 σ
355 2131 636 2177 duplicantibus3
667 2129 928 2178 epigrammatis
957 2127 1065 2161 nostri
1093 2126 1305 2172 scripturam
1332 2126 1390 2160 ni-

221 2191 271 2226 hil
295 2194 333 2229 in
363 2209 442 2230 cam
470 2210 546 2231 rem
574 2198 749 2244 probare,
796 2194 894 2239 cujus
927 2192 969 2225 de
1000 2199 1111 2224 aetate
1142 2204 1214 2224 non
1243 2196 1389 2224 constet.

221 2257 358 2294 Eodem
385 2263 474 2296 redit
499 2262 670 2307 judicium
695 2260 836 2295 Krebsii
863 2259 954 2292 lectt.
975 2256 1083 2290 Diod.
1103 2270 1138 2302 p.
1166 2254 1265 2298 147„
1296 2255 1388 2288 Din-

223 2323 312 2358 dorf.
343 2325 386 2358 ad
413 2326 520 2360 Isocr.
549 2327 682 2372 paneg.
711 2326 769 2361 16.
826 2323 897 2358 Sed
926 2322 995 2367 jam
1025 2327 1158 2353 veteres
1187 2319 1232 2352 ita
1263 2318 1388 2353 ‹lecre-

221 2387 308 2422 visse
335 2387 455 2435 Steph,
484 2391 566 2438 Byz.
596 2403 622 2423 s.
644 2405 674 2424 v.
699 2390 812 2424 docet.
870 2387 942 2432 Qui
964 2385 1087 2419 Asinio
1112 2383 1297 2428 Quadrato
1318 2384 1388 2418 uti-

219 2462 277 2491 tur
311 2464 418 2500 teste,
464 2472 536 2493 esse
575 2459 678 2493 aliam
715 2459 897 2506 regionem
937 2455 1118 2499 Μεσήνην,
1161 2450 1205 2487 δι’
1242 2451 1316 2493 ἑνὸς
1346 2441 1388 2488 ἶ

219 2521 338 2556 Poetis
369 2530 483 2557 autem
515 2523 612 2557 licuit
641 2524 787 2557 alterum
817 2523 958 2556 demere
990 2519 1090 2553 metri
1114 2517 1248 2566 gratia,
1279 2529 1387 2563 quum

228 2604 251 2626 σ
279 2590 437 2637 proxime
468 2590 511 2624 atl
542 2591 754 2637 liquidarum
786 2599 947 2625 naturam
979 2587 1134 2623 accedat.
