1677 3059
675 198 734 207 -.
865 170 1112 217 54-

239 315 284 357 ἑν
321 299 352 368 ἦ
386 310 579 368 νόμιμον
613 305 724 359 εἶναι
770 316 868 369 ταῖς
912 313 1118 372 γυναιξί,
1185 314 1249 368 μὴ
1297 313 1559 374 γεύσασθαι

243 394 333 438 τῶν
365 395 545 441 ἐκείνοις
574 398 840 448 θυομένων.
876 393 972 438 ἐστι’
1003 390 1060 437 δέ’
1085 392 1166 436 καί
1203 398 1426 446 Ἀχιλλέως
1453 394 1559 442 νεώς

246 477 355 532 παρ’
395 476 562 520 αὐτοῖς.
633 470 792 532 Qualia
827 477 1145 534 ἐναγίσματα,
1182 470 1237 518 (16
1273 474 1433 538 quibus
1471 475 1559 521 He-

244 550 418 600 raldum
463 549 520 597 ad
561 549 731 597 Arnob.
769 553 862 600 5⁴11.
899 570 943 618 p.
970 552 1079 604 278.
1126 552 1386 602 disseruisse
1422 573 1560 602 anno-

245 631 351 678 tavit
385 630 652 678 Beckmann.
688 632 732 678 in
764 632 897 679 Arist.
935 632 961 680 l.
998 652 1060 692 c.‚
1095 653 1184 682 non
1223 653 1358 681 unum
1393 635 1560 682 Taren-

247 722 340 758 tum
374 711 612 770 habuisse,
658 714 948 761 certissimum
981 726 1058 762 est.
1137 713 1284 762 Veluti
1317 715 1563 781 Metaponti

249 794 492 854 ἐναγισμὸς
522 792 778 841 Nelidarum
814 794 920 851 suit,
957 794 1102 842 Strab.
1129 796 1204 853 VI,
1228 814 1270 861 p.
1294 798 1404 854 263,
1443 798 1563 856 Cas.;

250 872 538 921 Philoctetam
571 874 800 922 coluerunt
834 875 1090 942 Sybaritae,
1138 895 1175 923 v.
1210 876 1345 923 Arist.
1375 876 1563 923 mirabb.

253 971 395 1000 auscc.
435 955 566 1011 115.,
603 955 744 1002 Tzetz.
782 957 1002 1022 Lycophr.
1039 958 1173 1014 927„
1206 956 1365 1003 Justin.
1397 957 1566 1014 XX,1.

255 1034 421 1081 Heroes
459 1047 600 1082 autem
631 1036 839 1100 quoniam
876 1054 973 1082 cum
1010 1035 1108 1082 Diis
1141 1036 1294 1082 inferis
1331 1047 1423 1082 arto
1451 1055 1566 1085 nexu

254 1112 413 1177 ligatos
441 1133 537 1163 esse
562 1118 782 1163 communi
814 1116 1085 1163 Graecorum
1110 1114 1323 1178 religione
1344 1130 1567 1183 receptum

258 1207 371 1253 erat,
420 1196 632 1244 redeunte
674 1215 774 1244 vere
820 1196 1182 1253 celebrabantur,
1244 1214 1331 1261 quo
1373 1209 1570 1264 tempore

257 1276 333 1322 Dii
367 1277 496 1324 inferi
533 1289 572 1324 et
606 1278 762 1325 heroes
786 1276 917 1324 ssores
942 1287 982 1324 et
1008 1275 1177 1322 divitias
1204 1280 1354 1339 generi
1377 1280 1570 1329 humano

259 1357 478 1404 remittere
501 1357 806 1405 credebantur.
875 1358 1002 1405 Tunc
1038 1357 1153 1405 circa
1174 1359 1364 1407 tumulos
1390 1362 1573 1412 heroum

260 1437 438 1500 juvenes
484 1437 765 1502 virginesque
804 1438 1030 1486 certabant
1069 1458 1213 1505 neque
1259 1453 1408 1490 cantus
1451 1445 1574 1493 chori

263 1518 456 1567 defuisse
491 1519 630 1566 videri
666 1518 839 1567 debent.
899 1519 1031 1568 Velut
1064 1521 1250 1568 Theocr.
1283 1523 1381 1583 XII,
1406 1527 1479 1572 30.
1517 1525 1572 1573 de

262 1599 415 1647 Diocle
449 1600 733 1659 Atheniensi,
768 1600 965 1664 Megaris
1001 1601 1195 1667 sepulto:

328 1684 415 1727 αἰεί
435 1686 478 1728 οἰ
504 1686 605 1745 περὶ
623 1684 797 1746 τύμβον
818 1687 998 1733 ἀολλέες
1020 1687 1133 1744 εἴαρι
1161 1686 1328 1746 πρώτῳ

326 1765 483 1825 κοῦροι
503 1769 813 1826 ἑριδμαίνουσι
840 1765 1096 1824 φιλήματος
1120 1764 1243 1827 ἄκρα
1268 1771 1508 1829 φερέσθω,

266 1841 320 1890 de
352 1845 515 1908 quibus
549 1844 666 1891 ludis
703 1844 812 1891 dixit
845 1844 1036 1892 Boeckh.
1065 1845 1204 1910 Expll.
1231 1845 1358 1892 Pind.
1385 1845 1454 1892 Ol.
1480 1847 1575 1903 VH,

268 1927 372 1974 157.
406 1946 448 1992 p.
480 1927 585 1974 176.
666 1927 764 1972 Jam
801 1926 836 1972 si
873 1937 1152 1991 reputamuS,
1190 1926 1281 1972 sere
1315 1945 1466 1973 omnes
1502 1947 1577 1974 ur-

267 2007 344 2054 bes
381 2026 565 2071 magnae
603 2008 830 2064 Graeciae,
868 2008 1025 2055 multas
1064 2006 1252 2063 Siciliae,
1291 2008 1483 2070 origines
1520 2009 1579 2055 ad

267 2088 421 2135 heroes
461 2088 610 2136 solitas
637 2107 731 2136 esse
765 2089 944 2145 referre,
980 2089 1018 2134 si
1051 2088 1096 2134 in
1131 2086 1247 2133 ludis
1281 2087 1366 2135 illis
1401 2088 1579 2137 urbium

267 2171 571 2218 conditoribus
607 2170 835 2217 celebratis
870 2170 978 2216 haec
1016 2169 1206 2216 carmina
1241 2169 1374 2216 choro
1412 2182 1582 2218 cantata

266 2254 495 2316 ponimus,
547 2251 826 2314 intelligitur,
873 2269 951 2297 cur
985 2249 1139 2297 heroes
1177 2252 1455 2316 potissimum
1491 2271 1580 2308 eos,

269 2351 379 2396 quos
425 2334 641 2399 expeditio
675 2333 869 2396 Trojana
917 2331 1182 2389 nobilitavit,
1240 2332 1283 2378 hi
1320 2344 1474 2397 poetae
1511 2350 1581 2378 or-

271 2415 439 2461 nandos
477 2415 760 2480 susceperint.
828 2413 927 2460 Alia
963 2414 1149 2460 fortasse
1185 2413 1327 2460 locum
1359 2412 1582 2460 habebant

270 2496 311 2541 in
350 2496 507 2543 diebus
543 2497 665 2544 festis
702 2500 794 2543 τῶν
827 2500 1100 2557 ἁρχηγέτων
1126 2495 1172 2542 in
1208 2494 1419 2541 honorem
1455 2492 1580 2538 insti-

268 2577 396 2634 tutis,
443 2578 606 2641 quibus
640 2579 688 2625 in
723 2594 902 2624 censum
933 2576 1117 2624 heroum
1152 2575 1337 2641 receptis
1370 2572 1581 2620 celebrari
