1677 3059
525 264 589 271 —
702 237 794 284 195
903 266 968 274 —-

90 375 267 443 Scythis
303 374 414 422 adeo
443 375 662 423 convaluit
696 374 856 431 armis,
895 385 940 420 ut
975 386 1108 423 totam
1141 377 1233 425 fere
1258 381 1410 429 Asiam

91 457 307 504 minorem
342 457 388 502 in
425 466 683 520 potestatem
717 474 842 502 suam
879 455 1120 518 redigeret,
1158 457 1212 504 de
1249 461 1412 524 quibus

92 536 228 584 rebus
270 537 366 600 lege
410 536 574 582 Herod.
609 535 642 593 I,
682 538 773 584 103
798 554 894 601 sqq.
978 539 1020 584 A
1056 556 1143 602 quo
1182 538 1292 587 duce
1332 542 1413 589 Sa-

93 618 205 665 mios
251 636 351 665 cum
385 615 559 663 relicuis
601 616 815 664 insulanis
858 618 901 663 in
942 628 1153 666 terrorem
1190 623 1414 687 conjectos

94 697 232 746 fuisse
276 716 423 746 rerum
459 697 620 744 rationi
659 697 843 744 maxime
882 697 1053 745 videtur
1088 718 1183 747 esse
1230 720 1415 750 consen-

95 788 286 826 taneum.

222 858 387 926 Ibycus
430 859 567 922 igitur
610 876 745 923 quum
789 869 896 906 teste
939 857 1080 906 Suida
1121 861 1241 925 apud
1282 862 1414 930 Poly-

96 949 258 987 cratem
301 939 499 1003 degerst,
550 939 819 987 carminibus
853 940 1025 986 videtur
1060 940 1308 988 Samiorum
1344 962 1414 990 res

93 1017 360 1077 illustrasse,
415 1020 479 1067 uti
520 1031 610 1066 tota
648 1021 939 1068 Anacreontis
982 1021 1128 1086 poesis
1170 1021 1414 1089 Polycratis

93 1097 304 1148 laudibus
340 1100 501 1148 referta
533 1100 724 1148 traditur
758 1101 896 1148 fuisse
933 1099 989 1147 ab
1021 1099 1180 1149 Athen.
1216 1105 1334 1162 xlv,
1371 1124 1412 1170 p.

94 1179 206 1238 438,
240 1181 295 1232 Β.

356 1489 408 1534 V.
500 1491 732 1553 Dipsas
795 1498 851 1536 et
915 1490 1150 1536 Asinus.

478 1633 515 1680 F
530 1651 554 1680 r
570 1650 594 1680 a
606 1651 638 1697 g
651 1651 707 1680 m.
771 1631 1017 1679 XXXVIII.

222 1727 390 1777 Aelian.
423 1728 533 1775 Hist.
569 1727 763 1779 Animm.
795 1728 870 1784 VI,
901 1727 974 1774 51.

196 1810 384 1858 Enarrat
408 1810 522 1856 hanc
559 1808 614 1856 de
638 1809 824 1875 dipsade
860 1805 1080 1855 fabulam:
1115 1806 1299 1875 Mythus
1336 1826 1413 1855 au-

95 1903 190 1942 ctor
246 1901 312 1938 est
367 1889 679 1938 Prometheum
729 1888 929 1936 Vulcano
973 1887 1092 1933 furto
1147 1887 1413 1935 subduxisse

94 1974 266 2037 ignem:
310 1971 469 2018 iratum
501 1971 655 2016 Jovem
685 1969 791 2016 furti
826 1967 1050 2016 indicibus
1085 1968 1262 2016 dedisse
1298 1971 1415 2031 φάρ-

93 2069 246 2110 μακον
288 2053 440 2113 γήρως
486 2050 783 2111 ἀμυντήριον.
884 2049 939 2097 Id
996 2049 1094 2097 illos
1148 2048 1413 2114 imposuisse

97 2132 245 2188 asin03
295 2149 426 2195 quem
467 2130 673 2178 ferventis
710 2140 833 2177 aestu
868 2129 974 2177 solis
1010 2141 1053 2177 et
1085 2128 1285 2195 pondere
1320 2146 1414 2176 sar-

97 2213 221 2261 cinae
264 2210 429 2258 fessum
473 2221 522 2257 ut
565 2210 681 2257 sitim
724 2210 1017 2274 restingueret
1071 2208 1308 2258 accessisse
1357 2207 1415 2254 ad

95 2293 274 2340 fontem.
335 2291 397 2338 At
429 2301 675 2356 serpentem
711 2288 939 2338 custodem
975 2291 1085 2338 fonti
1112 2289 1310 2337 additum
1336 2288 1413 2335 ab-

97 2374 240 2438 egisse
274 2372 471 2427 asinum,
530 2371 607 2434 qui
642 2390 694 2419 eo
727 2380 857 2436 pacto
893 2371 1138 2419 admittitur
1170 2369 1227 2417 ad
1262 2386 1413 2433 aquas,

94 2466 145 2502 ut
179 2452 301 2518 quod
334 2450 539 2518 portabat
569 2452 817 2513 φάρμακον
851 2450 937 2498 sibi
966 2452 1153 2500 cederet.
1221 2449 1414 2514 Serpens

95 2546 263 2591 autem,
310 2533 371 2580 ita
414 2532 559 2598 pergit
593 2530 834 2591 Aelianus,
880 2535 934 2579 τὸ
970 2536 1117 2595 γῆρας
1159 2532 1416 2578 ἀποδύεται

91 2616 465 2679 προςεπιλαβών,
500 2614 560 2664 ὥς
593 2613 760 2679 λόγος,
794 2616 848 2662 τὸ
886 2617 972 2662 τοῦ
1007 2614 1118 2662 ὄνου
1156 2616 1291 2670 δίψος.
1363 2619 1416 2658 Te

1106 2694 1198 2740 13*
