1677 3059
570 229 633 237 -.
753 202 813 247 93
941 227 1001 236 -.

135 345 356 400 videatur,
406 354 444 390 et
478 361 559 408 pro
592 343 655 389 rei
687 338 943 388 condicione
980 339 1142 397 lenius,
1187 339 1309 404 quod
1344 359 1446 387 con-

137 437 203 473 tra
251 426 394 471 Herm.
440 422 745 470 Mehlhornius
785 420 928 466 movit.
1007 420 1314 485 Exspectanda
1357 440 1447 469 me-

136 506 258 553 liora.
287 535 353 542 —
431 504 656 565 κραταιός.
725 501 787 547 Ita
823 502 873 545 V.
895 501 940 546 L.
965 500 1142 566 Steph.‚
1177 503 1294 560 Urs,
1329 505 1444 552 Fior.

136 586 327 650 jungens
363 603 462 631 cum
495 602 615 647 sqq.;
658 583 884 644 κραταιῶς
916 582 968 627 Α.
1002 582 1049 628 P.
1088 582 1268 641 Mehlh.‚
1301 587 1444 635 Boiss.

138 677 180 715 et
207 666 355 714 Herm.
390 664 508 712 idem
543 662 728 729 amplexi
760 661 957 708 referunt
989 663 1045 709 ad
1070 682 1165 728 sqq.
1234 666 1326 712 Nos
1350 686 1448 715 cum

137 753 320 810 α’θαμβ.
369 744 679 810 copulavimus.
721 770 786 779 —-
868 745 910 789 7.
961 745 1185 789 παιδόθεν
1227 748 1448 804 φυλάσσει

137 832 356 889 ἡμετέρας
390 830 565 888 φρένας.
638 823 702 870 Ita
739 834 840 888 post
874 824 1171 871 Hermannum
1207 825 1343 874 libros
1379 848 1447 876 se-

140 919 266 956 cutus
303 905 480 972 scripsit
513 904 655 951 Boiss.
724 903 916 951 Naekius
949 915 1091 951 autem
1125 905 1310 955 Choeril.
1349 910 1372 956 l.
1411 930 1444 958 c.

139 1006 277 1056 quum
309 987 647 1052 frigidissimum
679 986 899 1045 φυλάσσει
928 984 1196 1034 furibundae
1223 1000 1447 1054 antegres-

137 1087 290 1118 sorum
322 1067 557 1116 verborum
592 1065 836 1132 tempestati
871 1083 960 1111 non
983 1061 1263 1131 ¹respondere
1298 1092 1447 1121 cense-

139 1162 229 1210 ret,
270 1149 528 1216 proposuit:

248 1232 447 1278 πεδόθεν
482 1231 681 1278 τινάσσει
716 1232 935 1290 ἁμετέρας
970 1235 1143 1291 φρένας.

143 1314 291 1377 Quam
325 1309 672 1360 emendationem
716 1311 945 1378 probatam
980 1329 1122 1376 nuper
1162 1311 1367 1362 Dissenio
1401 1317 1446 1365 in

139 1394 268 1442 Pind.
302 1392 450 1440 Isthm.
484 1392 559 1450 IV,
588 1393 661 1441 38.
701 1394 910 1457 rejecerat
940 1393 1228 1440 Hermannus.
1297 1397 1345 1443 In
1375 1417 1445 1445 ex-

140 1485 288 1522 ternae
323 1473 511 1538 speciem
543 1473 841 1520 similitudinis
879 1475 1121 1540 comparari
1157 1486 1327 1540 poterat
1360 1480 1447 1526 He-

139 1552 251 1601 siod.
277 1553 443 1617 Theog.
475 1555 581 1602 680.
624 1555 881 1601 πεδόθεν
908 1557 1249 1603 ἑτινασσετο
1272 1563 1448 1621 μακρὸς

134 1634 399 1698 Ὄλυμπος,
445 1653 524 1682 nec
563 1653 653 1681 non
686 1633 957 1699 Sapphicum
996 1635 1105 1682 illud
1137 1642 1247 1699 ἔρως
1278 1643 1449 1689 ἐτίναξε

142 1720 320 1778 φρένας.
403 1715 460 1763 Et
491 1717 682 1782 primum
727 1714 905 1780 quidem
940 1734 1029 1762 voc.
1066 1720 1290 1766 παιὸὀθεν
1328 1720 1447 1768 nullo

142 1805 271 1862 pacto
304 1813 436 1860 posse
465 1796 661 1844 exsulare
696 1796 930 1843 Hermann.
970 1796 995 1843 l.
1032 1816 1066 1844 c.
1102 1801 1294 1859 censuit,
1339 1809 1448 1868 qu'o-

142 1878 260 1926 niam
285 1875 538 1924 Athenaeus
572 1876 679 1924 haec
708 1876 842 1924 verba
863 1877 1146 1944 adscripserit
1177 1880 1449 1931 demonstra-

143 1970 295 2017 turus,
349 1955 567 2004 masculos
605 1976 774 2005 amores
806 1959 946 2023 poetis
986 1963 1368 2025 praestantissimis
1402 1966 1448 2013 in

146 2037 275 2085 laude
308 2037 426 2103 poni.
517 2036 609 2084 Sed
642 2037 725 2085 hoc
759 2037 828 2084 vix
864 2058 976 2105 opus
1020 2053 1112 2089 erat
1152 2060 1355 2107 expresse
1389 2045 1449 2091 si-

147 2117 360 2181 gnificari,
395 2137 530 2184 quum
565 2137 614 2166 ex
649 2119 782 2167 totius
818 2121 1023 2187 strophae
1057 2122 1217 2169 affectu
1251 2124 1445 2187 prodeat.

146 2199 238 2246 Nos
270 2200 558 2247 necessariam
588 2201 835 2265 judicamus
866 2203 1317 2250 commemorationem
1348 2223 1448 2269 per-

146 2278 367 2344 petuitatis
393 2280 577 2339 amoris,
613 2300 748 2347 quum
776 2302 944 2330 summa
975 2281 1181 2348 strophae
1207 2301 1257 2330 eo
1283 2284 1446 2342 redeat,

148 2370 198 2406 ut
217 2357 474 2424 profiteatur
494 2373 645 2426 poeta:
680 2365 875 2411 »Natura
899 2364 1077 2430 quidem
1100 2375 1305 2422 mutatur,
1340 2365 1447 2412 mihi

148 2457 250 2486 vero
291 2440 431 2486 Amor
474 2460 699 2507 nunquam
743 2457 903 2501 cessat3
963 2443 1042 2491 sed
1084 2444 1274 2491 turbinis
1311 2445 1448 2492 instar

146 2519 318 2567 irruens
352 2539 378 2567 a
412 2522 581 2568 Venere
616 2522 862 2573 horrendus
883 2525 986 2573 inde
1009 2544 1034 2571 a
1058 2525 1211 2591 primis
1234 2525 1445 2590 pueritiae

147 2601 296 2659 annis,
332 2601 452 2666 quod
484 2613 548 2649 est
581 2605 836 2669 παιδόθεν,
874 2624 942 2653 me
967 2605 1052 2654 sibi
1081 2605 1276 2652 deditum
1299 2605 1444 2664 habet,
