1677 3059
526 222 592 230 —
697 196 787 242 159
902 223 968 231 —

95 333 305 380 viventem
328 333 500 380 faceret.
559 335 691 381 Adde
725 331 846 398 quod
875 333 995 399 apud
1023 336 1210 384 Venetos
1242 343 1398 393 λευκὸς

91 414 254 478 ἵππος,
290 433 378 480 quo
414 414 516 462 alibi
550 416 754 481 Neptuno
786 412 974 472 faciunt,
1023 415 1228 466 Diomedi
1262 422 1397 468 sacri-

89 493 305 541 ficabatur
348 507 455 544 teste
491 496 634 544 Strab.
669 499 723 554 V,
758 514 799 561 p.
835 497 941 543 315.
979 495 1075 542 Cas.
1158 499 1219 546 Ut
1253 510 1395 548 autem

86 573 279 640 Neptuni
315 587 356 623 et
382 577 604 625 Minervae
633 588 790 624 natura
823 587 952 640 atque
983 575 1155 625 indoles
1190 580 1395 627 consimi-

86 655 163 713 lis,
214 657 274 704 ita
319 676 416 706 cum
455 660 653 705 Minerva
696 656 934 704 Diomedes
974 676 1088 705 nexu
1130 657 1289 723 ligatus
1330 673 1395 709 est

87 736 318 784 artissimo.
387 740 538 801 Longe
572 738 698 786 aliter
733 738 787 785 de
820 737 968 784 indole
994 736 1139 784 herois
1175 739 1310 788 divini
1345 758 1393 791 se

86 817 247 865 sentire
278 817 536 881 significavit
565 819 796 866 VVelcker.
829 818 993 880 Trilog.
1029 818 1186 865 Aesch.
1213 839 1255 886 p.
1280 825 1388 872 286.

215 898 475 956 Hermiona,
523 898 612 946 filia
645 899 835 947 Menelai
873 911 912 946 et
949 898 1164 957 Helenae,
1226 903 1389 963 Oresti,

81 989 235 1044 postea
274 978 560 1044 Neoptolemo
600 980 805 1045 nupsisse
848 978 1072 1025 ferebatur
1110 998 1146 1026 v.
1183 981 1388 1047 Sophocl.

83 1077 151 1125 ap.
184 1058 381 1106 Eustath.
417 1058 506 1108 Od.
539 1078 582 1124 p.
612 1061 749 1107 1479.
785 1061 912 1109 Rom.
983 1060 1109 1122 Quae
1139 1063 1280 1126 poetis
1299 1083 1389 1111 non

80 1150 290 1187 curantur
319 1140 523 1187 mortales
560 1141 750 1206 nuptiae.
820 1141 1057 1188 Diomedes
1090 1142 1225 1204 igitur
1258 1143 1389 1192 ducta

79 1221 318 1268 Hermiona
347 1221 543 1267 Deorum
567 1221 756 1268 insertus
779 1240 961 1269 numero
983 1223 1085 1269 vivit
1113 1235 1266 1288 postea
1289 1245 1387 1273 cum

78 1302 321 1349 Dioscuris.
403 1302 454 1348 In
490 1301 608 1348 caelo
652 1314 781 1369 puta:
832 1323 933 1350 nam
968 1304 1174 1351 Dioscuri
1209 1305 1385 1352 alternis

75 1381 246 1429 vicibus
291 1382 556 1429 immortales
593 1394 666 1430 aut
711 1384 757 1430 in
795 1383 912 1430 caelo
954 1395 1183 1431 versantur
1227 1397 1300 1432 aut
1338 1392 1385 1433 ἐν

74 1463 262 1523 γυάλοις
297 1465 532 1525 Θεράπνας
544 1500 562 1527 7
599 1463 677 1510 ubi
705 1463 894 1510 Helenae
927 1465 1070 1510 sorori
1094 1464 1383 1530 Menelaoque

76 1560 157 1589 suo
193 1542 329 1589 divini
373 1544 737 1609 impertiebantur
770 1542 986 1600 honores,
1040 1544 1173 1590 Isocr.
1216 1563 1379 1593 encom.

71 1623 166 1670 Hel.
203 1625 278 1681 17,
314 1623 379 1671 cll.
415 1624 612 1672 Mueller.
652 1625 782 1671 Dorr.
818 1624 852 1681 I,
886 1642 927 1688 p.
957 1627 1018 1671 92
1041 1642 1136 1689 sqq.
1206 1624 1383 1674 Obscu-

70 1714 213 1751 ratum
246 1705 382 1768 igitur
402 1704 547 1751 Deum
581 1705 627 1752 in
660 1722 894 1752 numerum
917 1706 1114 1751 Deorum
1134 1718 1382 1754 revocatum

253 1865 403 1915 Κάστωρ
421 1881 454 1903 τε
474 1866 594 1904 πώλων
611 1865 723 1904 ὠκέων
743 1867 911 1914 δματῆρες
924 1887 934 1905 ,
965 1863 1093 1900 ἱππότα
1111 1864 1224 1912 σοφώ,

251 1936 311 1967 καὶ
331 1931 552 1977 Πολυδεύκης
572 1931 699 1981 κυδρός
726 1953 1062 1967 .........

252 2030 1091 2047 ——u———u———v—u—-u—

194 2136 322 2174 Schol.
348 2136 452 2174 Pssind.
481 2139 522 2174 P.
543 2139 606 2183 IV,
629 2140 718 2175 318.
747 2146 780 2174 et
808 2139 887 2174 cod.
917 2134 1055 2170 Villois.
1084 2130 1225 2170 ἱππόται
1255 2133 1373 2177 σοφοί.

199 2204 274 2238 Pro
309 2203 420 2239 ὠκέων
450 2205 549 2250 δματ.
589 2205 694 2240 codd.
730 2205 860 2239 Pariss.
895 2198 1216 2246 ὠκεαδαμαντῆρες,
1262 2195 1373 2230 schol.

199 2269 306 2304 Pind.
325 2270 474 2310 ταχέων,
502 2278 597 2305 recte
618 2269 730 2306 ὠκέων
756 2271 854 2304 Eust.
876 2268 947 2302 Od.
965 2280 999 2313 p.
1022 2263 1137 2305 1761,
1162 2260 1238 2304 34„
1266 2261 1372 2294 omit-

198 2334 240 2368 tit
265 2333 403 2368 Villois.
434 2334 556 2368 codex.
584 2335 755 2370 Formam
783 2333 959 2381 &aflarmjp
986 2340 1163 2375 nusquam
1194 2325 1276 2359 alibi
1303 2324 1372 2371 legi

199 2399 362 2433 observat
395 2397 610 2441 xvelekem
652 2401 748 2446 quod
777 2413 850 2434 non
879 2395 1001 2432 mirari
1027 2392 1140 2434 subit»
1181 2402 1291 2436 quum
1329 2389 1373 2423 δὴ

196 2463 301 2511 plane
325 2462 557 2509 explodenda.
619 2464 739 2498 Schol.
760 2465 865 2499 Pind.
887 2461 1065 2509 δμητῆρες,
1092 2455 1187 2490 unde
1209 2453 1369 2488 doricam

194 2530 348 2563 formam
369 2527 522 2575 reposui.
562 2527 729 2576 Denique
752 2542 817 2576 pro
841 2527 965 2577 κυδρός
992 2525 1077 2560 Urs·
1093 2519 1233 2562 munds,
1263 2519 1367 2554 COdd·

194 2594 324 2629 Pariss.
343 2592 489 2635 κύδεος,
522 2593 657 2630 Villois.
686 2595 823 2643 κῧόρος.
