1677 3059
671 196 1115 243 —24—

244 336 383 402 ipsius
418 335 622 383 Heracles
659 335 748 384 sive
784 334 1017 394 Horacles,
1052 347 1155 402 post
1183 338 1302 386 vivus
1330 354 1439 402 rogo
1473 338 1553 386 im-

247 417 443 484 positus,
477 436 513 463 v,
550 417 661 464 Ptol.
698 415 840 480 Heph.
879 435 945 481 ap.
977 417 1102 465 Phot.
1136 436 1178 483 p.
1208 421 1314 469 477.
1347 419 1551 476 Hoesch.‚

251 517 386 563 quum
420 497 704 553 interimitur,
756 513 888 557 grues
924 497 1036 545 forte
1071 497 1394 563 supervolantes
1430 500 1554 546 obte-

251 590 414 636 statur,
468 595 523 625 ne
566 597 612 625 se
657 576 711 624 ab
749 577 1001 625 hominibus
1037 578 1291 625 derelictum
1333 580 1555 644 patiantur

252 658 451 706 inultum.
540 660 701 706 Postea
734 656 923 705 latrones
957 659 1004 706 in
1036 658 1204 706 theatro
1241 658 1554 716 consederunt3

251 737 317 783 ibi
352 757 487 804 quum
519 758 649 803 grues
685 739 1046 803 comparuissent,
1081 739 1273 786 ridentes
1299 739 1384 788 illi:
1419 741 1557 788 »Ecce

254 818 446 867 vindices
481 820 606 887 Ibyci
621 821 656 867 1«
748 817 884 880 Quod
920 838 1056 884 quum
1091 819 1410 868 exaudivissent
1447 839 1558 868 non-

255 897 378 956 nulli,
411 901 486 964 qui
508 911 680 964 poetam
702 901 928 947 evanuisse
945 899 1216 965 multumque
1239 900 1402 948 frustra
1425 919 1559 966 quae-

258 979 389 1025 situm
421 991 627 1036 nossent,
662 998 754 1027 rem
787 980 843 1027 ad
874 980 1151 1043 magistratus
1184 980 1408 1038 desei-unu
1442 1001 1561 1029 com-

258 1059 464 1124 prehensi
507 1061 696 1108 latrones
750 1061 958 1107 facinoris
1009 1060 1273 1107 conscientia
1315 1062 1560 1120 exanimati,

260 1156 352 1184 rem
397 1141 667 1189 confitentur.
758 1143 848 1189 Nec
892 1141 1029 1206 justas
1073 1157 1239 1204 poenas
1286 1140 1562 1204 effugerunt:

261 1216 473 1279 fortasse,
519 1223 557 1270 si
593 1241 643 1270 ex
679 1241 801 1271 servo
834 1223 1085 1288 conjectura
1120 1220 1322 1269 facienda
1350 1234 1436 1282 est,
1480 1223 1565 1270 vivi

264 1305 526 1350 concremati
561 1315 675 1352 sunt.

394 1383 458 1430 Ita
491 1384 581 1432 fere
615 1384 723 1432 haec
752 1394 955 1432 enarrant
986 1382 1206 1431 Plutarch.
1238 1382 1294 1430 de
1326 1384 1484 1447 garrul.
1508 1385 1562 1432 II.

264 1480 306 1526 p.
345 1463 452 1521 610,
486 1465 566 1521 A.,
601 1466 771 1513 Nemes.
808 1465 863 1512 de
896 1475 981 1511 nat.
1019 1464 1134 1512 hom.
1169 1464 1244 1511 42.
1281 1484 1322 1530 p.
1352 1468 1459 1513 305.
1496 1465 1563 1513 ed.

266 1542 436 1602 Oxou,
482 1545 652 1592 divinae
686 1546 876 1611 justitiae
911 1545 1198 1593 clarissimum
1220 1546 1461 1612 exemplum
1495 1566 1567 1594 ra-

265 1633 358 1681 tus;
393 1624 541 1683 Suid.‚
576 1626 743 1674 Eudoc.
831 1626 961 1674 Unde
993 1626 1215 1691 proverbii
1249 1625 1344 1673 loco
1379 1646 1568 1694 usurpa-

265 1714 359 1751 tum
403 1716 468 1752 est
510 1713 559 1754 oei
602 1709 777 1771 Ἰβύκου
819 1713 1029 1770 γέρανοι,
1087 1725 1124 1751 v.
1161 1706 1324 1752 Zenob.
1361 1707 1567 1771 Adag.1‚

267 1788 367 1842 37.‚
410 1786 670 1850 Diogenian.
703 1790 746 1847 I,
780 1790 881 1846 35.‚
926 1785 1125 1852 Apostol.
1160 1787 1215 1845 II,
1257 1787 1357 1846 14,
1409 1789 1564 1836 Arsen.

267 1866 378 1914 Viol.
414 1885 457 1932 p.
493 1872 567 1915 30.
602 1869 686 1916 alii.

400 1949 658 2012 Cujusmodi
693 1949 874 1997 fabellas
915 1967 1043 1997 nemo
1079 1947 1272 2010 ambiget
1304 1946 1444 1994 fundo
1489 1948 1570 1994 niti

269 2029 438 2093 aliquo:
503 2030 613 2095 quin
655 2032 863 2097 temporis
906 2048 1145 2097 progressu
1182 2029 1298 2075 varie
1341 2038 1571 2073 exornatae

269 2110 546 2158 sermonibus
591 2112 769 2177 populi,
826 2113 1048 2177 variisque
1093 2108 1353 2158 convestitae
1385 2106 1570 2153 floribus

269 2202 495 2254 poetarum
531 2191 643 2249 sint,
681 2211 808 2240 nemo
844 2192 1076 2239 dubitabit.
1171 2189 1321 2251 Quare
1356 2188 1440 2235 hoc
1475 2187 1573 2252 qui-

269 2271 368 2318 dem
400 2272 600 2319 lubenter
627 2273 887 2337 accipimus,
922 2284 1076 2338 poetae
1109 2271 1156 2318 in
1182 2270 1381 2318 solitaria
1394 2268 1573 2331 regione

270 2352 483 2400 interfecti
527 2353 816 2400 infortunium
850 2355 960 2401 miro
993 2371 1099 2401 casu
1133 2352 1180 2398 in
1219 2351 1360 2398 lucem
1403 2359 1573 2414 protra-

271 2444 384 2479 ctum
430 2451 534 2480 esse.
621 2434 711 2482 Sed
741 2434 796 2481 de
831 2435 1004 2483 relicuis
1039 2433 1290 2488 videamus,
1345 2428 1453 2494 quid
1487 2438 1573 2473 sta-

270 2514 479 2561 tuendum
515 2515 580 2562 sit.

405 2597 595 2643 Primum
630 2614 759 2659 grues
796 2595 1071 2661 potissimum
1109 2596 1184 2660 qui
1221 2612 1266 2640 se
1306 2588 1576 2636 vindicarent
