1677 3059
669 223 730 229 ....
861 193 923 240 94
1053 223 1115 230 -.

242 337 444 386 custodit.
459 359 481 380 ι(
547 335 668 383 Nihil
695 335 752 383 ob
775 345 910 381 totam
939 332 1327 380 conformationem
1353 333 1553 392 similius,

241 439 374 486 quam
415 420 564 464 Horat.
604 416 645 461 II
680 434 855 467 carmm,
889 417 931 463 9.
1014 411 1321 460 Mehlhornius
1359 432 1410 461 ex
1444 417 1554 462 seri-

239 512 369 567 ptura
405 498 499 547 cod.
535 499 617 554 A.‚
667 513 779 561 quae
814 506 879 541 est
908 500 1035 541 παιδ’
1071 495 1186 541 ὅθεν
1198 530 1215 557 ,
1269 493 1415 542 effecit
1448 502 1554 547 παῖς

240 584 370 644 ὅθεν,
404 579 538 627 verba
572 579 632 626 ita
659 577 896 625 ordinans:

334 668 442 712 παῖς
473 661 586 708 ὅθεν
616 662 835 721 ἡμετέρας
869 660 1032 719 φρένας
1067 656 1300 713 φυλάσσει.

240 744 300 791 At
333 740 383 788 id
417 752 458 788 et
491 740 621 787 nimis
657 738 841 786 dissidet
877 736 932 783 ab
977 735 1162 800 vulgatis
1196 755 1341 802 neque
1377 748 1552 785 senten-

238 824 324 870 tiae
358 832 513 889 poe-tae
554 820 780 883 congruit,
829 836 964 883 quum
1005 829 1122 865 certo
1169 819 1328 866 amoris
1365 820 1552 866 termino

237 904 324 951 fixo
359 900 692 968 perpetuitatem
725 909 894 946 evertat.
968 897 1315 945 Commemorata
1347 899 1553 947 emenda-

238 983 356 1030 tione
378 979 532 1026 Naekii
563 998 610 1026 se
631 991 724 1026 tum
753 978 880 1025 malle
909 979 1137 1026 παιδὸθεν
1170 980 1385 1028 octabam
1414 980 1554 1043 signi-

239 1063 380 1111 ficavit
414 1058 606 1116 Mehlh.‚
640 1056 763 1122 quod
795 1076 877 1105 nec
906 1059 1054 1124 ipsum
1084 1059 1365 1123 perpetuitati
1392 1062 1552 1110 amoris

241 1141 502 1189 conveniens
529 1151 603 1187 est.
672 1141 724 1187 In
751 1138 1083 1187 similitudinem
1112 1137 1324 1187 adhibeas
1345 1142 1550 1210 Bacchyl.

239 1223 367 1285 frgm.
403 1222 563 1268 XXVI.
599 1223 793 1283 οἷνοὲγκοι
824 1225 973 1268 ἐλπίδι
1007 1219 1221 1265 αἰθύσσει
1257 1226 1421 1284 φρένας
1429 1259 1448 1287 ,
1498 1223 1554 1271 de

241 1321 329 1368 quo
364 1302 498 1349 verbo
533 1314 598 1350 est
629 1303 852 1350 annotatio
886 1298 1045 1347 Tafelii
1083 1298 1295 1348 dilucidd.
1325 1303 1454 1351 Pind.
1480 1305 1549 1352 Ol.

238 1385 335 1441 vll,
364 1385 438 1430 95.
508 1383 557 1430 Si
589 1383 698 1449 quid
721 1384 768 1431 in
798 1381 921 1429 illum
941 1398 1120 1428 sensum
1140 1381 1401 1430 mutandum
1424 1395 1553 1443 esset,

237 1464 413 1513 relic-uis
464 1464 671 1513 omnibus
712 1463 902 1530 palmam
935 1462 1208 1528 praeriperet
1246 1464 1492 1513 emendatio
1528 1485 1553 1514 a

238 1545 466 1593 Mueller-o
503 1564 676 1593 mecum
706 1544 1024 1593 communicata
1056 1545 1284 1592 παιδόθεν
1317 1548 1549 1595 σαλάσσει.

237 1627 392 1690 Neque
427 1636 571 1673 tamen
615 1626 697 1674 alia
728 1624 979 1691 reperiendi
1012 1623 1196 1672 facultas
1232 1624 1435 1692 adempta
1470 1638 1549 1685 est,

237 1706 354 1753 velut
386 1708 629 1772 χαράσσει,
664 1719 715 1754 ut
738 1707 878 1770 Ἔρως
902 1709 1028 1754 θεῶν
1059 1708 1208 1765 ψυχὰς
1230 1708 1454 1769 χαράσσει
1481 1707 1549 1755 di-

238 1787 300 1834 xit
321 1786 529 1852 Sophocl.
553 1806 621 1854 ap.
653 1787 777 1835 Stob.
801 1787 940 1834 Serm.
965 1787 1123 1846 LXHI,
1150 1789 1226 1835 25.
1268 1787 1448 1836 Fiorillo
1471 1788 1550 1836 de-

238 1868 373 1933 nique
397 1886 488 1914 non
523 1869 728 1917 damnato
751 1869 990 1932 ἐθάμβησε
1015 1868 1193 1934 scripsit
1216 1869 1444 1917 παιδόθεν
1462 1886 1549 1930 φυ-

237 1951 443 2013 λάσσων,
482 1948 727 2008 arbitrarie‚
764 1949 862 1997 licet
888 1949 983 1997 cod.
1006 1950 1054 1997 P.
1089 1952 1296 2011 φυλάξον
1321 1949 1545 1998 ministret.

240 2030 444 2079 Ceterum
479 2047 657 2078 carmen
689 2048 823 2077 verno
857 2042 1054 2097 tempore
1083 2032 1296 2098 seriptum
1330 2031 1513 2080 videtur.

728 2178 766 2224 F
780 2194 954 2240 ragm.
1005 2177 1056 2223 11.

335 2273 504 2322 Platon.
541 2272 792 2322 Parmenid.
827 2290 870 2338 p.
904 2273 1024 2331 137,
1059 2273 1112 2320 A.
1147 2273 1297 2339 Steph.

367 2361 538 2404 Καίτοι
570 2357 698 2403 δοκῶ
727 2374 806 2413 μοι
838 2357 892 2403 τὸ
925 2356 1011 2403 τοῦ
1047 2360 1260 2419 Ἰβυκείου
1293 2357 1436 2404 ἵππου
1469 2374 1546 2403 πε-

236 2440 487 2500 πονθέναι,
543 2425 581 2499 ᾧ
613 2440 774 2487 ἐκεῖνος
807 2439 1004 2496 οἷθλητῇ
1033 2437 1132 2485 ὄντι
1164 2440 1246 2484 καί
1272 2442 1547 2502 πρεςβυτέρῳ

236 2519 314 2574 ὑφ’
351 2518 524 2577 ἅρματι
556 2521 766 2573 μέλλοντι
792 2521 1099 2578 ἀγωνιεῖσθαι
1122 2521 1205 2566 καί
1235 2523 1294 2566 δι’
1317 2524 1548 2581 ἐμπειρίαν

235 2601 444 2656 τρέμοντι
467 2599 520 2644 τό
542 2602 726 2661 μέλλον,
762 2600 929 2646 ἑαυτὸν
950 2601 1231 2663 ἀπεικάζων,
1263 2599 1410 2663 ἄκων,
1436 2603 1545 2663 ἔφη,
