1677 3059
546 243 612 254 —-
736 219 799 266 35
923 246 1059 271 -‚

106 356 278 420 Ἴβυκος
310 359 338 404 o‘
370 360 575 418 Ῥηγῖνος
599 358 681 404 και·
710 360 955 418 Ἀνακρέων
976 360 1005 405 o‘
1026 358 1124 405 α’πὸ
1157 364 1254 408 Τέω
1279 363 1422 425 (αὕτη

110 441 160 486 δὲ
192 438 320 490 πόλις
352 439 432 495 τῆς
462 438 653 501 Ἰωνιας)
688 440 771 486 καί
799 443 999 490 Ἀλκαῖος
1029 441 1056 487 ὁ
1093 445 1280 504 Λέσβιος
1309 449 1421 502 μέλη

109 521 322 581 ἔγραψαν
353 522 466 583 πρὸς
498 519 655 580 λύραν.
723 517 917 565 Eosdem
951 517 1201 568 triumviros
1227 539 1422 571 summo-

109 617 209 647 rum
244 611 474 666 poetarum
508 596 799 663 appellatione
834 609 1012 646 ornatos
1049 601 1420 666 comprehendere

106 678 297 728 vidimus
332 679 536 727 Tullium.
618 677 923 741 Negligentius
960 678 1031 725 alii
1067 680 1253 747 Ibycum
1286 694 1420 742 μελο-

108 762 274 823 ποιὸν,
328 762 516 823 λυρικὸν
548 770 830 824 nuncupant:
888 764 1036 823 μέλη,
1083 761 1274 824 ᾄσματα
1310 768 1420 814 scri-

108 840 251 905 psisse
283 851 521 888 testantur:
583 858 696 905 quae
723 838 887 905 quibus
917 838 1216 904 peculiaribus
1252 846 1418 894 enitue-

104 921 195 966 rint
226 919 461 968 virtutibus
496 938 625 968 nemo
660 918 867 982 dignatus
902 930 967 967 est
995 920 1181 969 tradere.
1248 925 1417 992 Aequi-

104 998 342 1047 escendum
385 1001 432 1048 in
467 1018 544 1059 eo,
602 1000 795 1047 carmina
835 999 965 1065 longe
1008 1001 1247 1050 fervidiora
1280 1007 1419 1055 fuisse

103 1092 147 1129 et
178 1079 485 1144 flagrantiora,
523 1098 654 1146 quam
676 1079 860 1126 aliorum
883 1093 1113 1147 poetarum
1140 1085 1414 1135 eroticorum.

103 1161 269 1228 Ibycus
314 1180 426 1226 quos
458 1170 766 1227 praeceptores
803 1160 1005 1209 habuerit
1046 1163 1092 1209 in
1135 1162 1220 1212 hoc
1254 1185 1415 1229 genere

105 1243 375 1301 carminum,
412 1260 503 1289 non
536 1240 747 1304 legimus:
795 1260 897 1288 vero
931 1242 1104 1290 videtur
1137 1244 1243 1291 mibi
1278 1247 1415 1295 simil-

104 1323 283 1382 limum,
331 1332 529 1370 secutum
564 1340 663 1369 eum
699 1325 762 1370 τὰ
792 1325 999 1385 Λοκρικὰ
1032 1324 1254 1390 ᾄσματα,
1302 1346 1414 1392 quae

104 1413 275 1452 constat
318 1421 452 1469 quam
492 1401 652 1450 lasciva
694 1401 877 1450 fuerint:
936 1402 994 1449 ad
1036 1404 1328 1454 Anacreontis
1372 1420 1416 1456 et

103 1483 358 1550 Sapphonis
396 1493 598 1548 poemata
642 1483 839 1547 proxime
876 1484 1112 1532 accessisse
1154 1486 1282 1535 docet
1317 1488 1414 1536 Cle-

102 1564 219 1613 arch.
256 1583 324 1631 ap.
363 1563 523 1611 Athen.
560 1564 676 1611 XIV.
713 1583 755 1630 p.
794 1566 902 1612 639.
934 1565 987 1611 A.
1080 1566 1147 1613 De
1183 1568 1309 1631 cujus
1345 1570 1414 1617 in-

102 1645 203 1694 dole
234 1646 383 1712 poesis
419 1646 524 1692 satis
559 1647 760 1710 exposuit
808 1648 1006 1693 Koester.
1044 1646 1099 1695 de
1135 1649 1276 1696 cantil.
1314 1662 1409 1697 vett.

103 1725 258 1773 Graec.
304 1723 596 1792 popularibus
630 1744 673 1791 p.
709 1729 784 1780 57.
875 1728 994 1775 Haec
1039 1728 1176 1790 igitur
1220 1731 1414 1777 carmina

99 1805 311 1854 amatoria
347 1806 468 1873 apud
506 1817 670 1854 veteres
705 1807 889 1854 maxime
923 1808 970 1854 in
1005 1807 1146 1872 pretio
1181 1808 1319 1857 fuisse
1349 1811 1413 1856 vl-

97 1885 272 1934 dentur.

220 1967 344 2015 Licet
377 1979 521 2016 autem
552 1985 681 2015 nemo
713 1978 929 2025 veterum,
967 1979 1179 2033 quantum
1212 1987 1411 2035 comper-

99 2057 194 2095 tum
218 2047 388 2107 habeo,
431 2048 606 2097 disertis
642 2047 785 2095 verbis
817 2047 995 2114 Ibyciae
1027 2049 1175 2113 poesis
1210 2060 1413 2095 naturam

99 2127 330 2192 perspicue
364 2128 668 2186 declaraverit,
731 2140 877 2174 tamen
911 2128 1105 2191 vestigiis
1142 2127 1411 2192 quibusdam

100 2217 144 2254 et
175 2207 431 2258 testimoniis
473 2211 620 2258 minus
657 2208 880 2275 explicatis
919 2207 1149 2265 ducimur,
1199 2219 1246 2254 ut
1281 2207 1412 2256 aliam

99 2298 324 2354 praeterea
367 2291 557 2355 speciem
593 2289 836 2337 carminum
881 2286 936 2333 ab
973 2305 1024 2334 co
1057 2287 1216 2334 cultam
1253 2288 1411 2336 intelli-

99 2385 280 2431 gamus,
337 2369 460 2434 quod
498 2371 711 2435 judicium
752 2369 962 2434 reliquiae
1004 2367 1247 2415 carminum
1292 2381 1411 2416 extra

100 2447 419 2496 dubitationem
446 2462 626 2515 ponunt.
696 2452 808 2498 Nam
838 2461 887 2497 ut
912 2448 1105 2514 primum
1137 2447 1241 2496 levis
1268 2467 1410 2496 arma-

98 2541 222 2577 turae
258 2530 408 2595 copias
442 2530 488 2576 in
522 2531 656 2577 aciem
692 2530 1014 2595 producan1u3‚
1062 2529 1162 2593 quis
1198 2543 1284 2588 est,
1334 2532 1409 2596 qui

95 2609 331 2691 iuvenibus
358 2609 429 2657 illa
466 2610 659 2657 carmina
694 2612 901 2656 amatoria
925 2611 971 2655 in
994 2627 1150 2656 manus
1175 2610 1411 2657 tradidisse

1136 2693 1163 2736 3
1179 2703 1194 2723 ιι
